Journal;Date;Libellé écriture;N° piéce;Débit;Crédit;"Solde déb,";"Solde créd,";Echéance;Lettrage;R;Commentaire;Analytique
Du 01/01/2022 au 31/12/2022;;;;;;;;;;;;
Classe 4;;;;;;;;;;;;
Sous-classe 47;;;;;;;;;;;;
;;;;;;;;;;;;
Compte 471000 - COMPTE D'ATTENTE;;;;;;;;;;;;
CAI;20/01/2022;RELIQUAT DEBOURS LTA DOS AI052;CAI01104;;"11 900,00";;"11 900,00";;;;;
Total compte 471000 - COMPTE D'ATTENTE;;;;;"11 900,00";;"11 900,00";;;;;
Compte 471100 - DEBITEURS DIVERS 2019;;;;;;;;;;;;
RAN;01/01/2022;A NOUVEAUX;AN01001;"15 984 557,00";;"15 984 557,00";;;;;;
Total compte 471100 - DEBITEURS DIVERS 2019;;;;"15 984 557,00";;"15 984 557,00";;;;;;
Compte 471102 - DEBOURS FOURNITURES;;;;;;;;;;;;
CAI;20/01/2022;CHEMISE CARTONNEE/RI0790;CAI01125;"5 000,00";;"5 000,00";;;;;;
CAI;20/01/2022;CHEMISE CARTONNEE/RI0796;CAI01126;"7 500,00";;"12 500,00";;;;;;
ACH;24/02/2022;IMPRIMES/RI0830;ACH02001;"1 500,00";;"14 000,00";;;;;;
ACH;24/02/2022;TIMBRES/RI0830;ACH02001;"7 500,00";;"21 500,00";;;;;;
ACH;24/02/2022;IMPRIMES/RI0828;ACH02001;"3 000,00";;"24 500,00";;;;;;
ACH;24/02/2022;TIMBRES/RI0828;ACH02001;"15 000,00";;"39 500,00";;;;;;
BQ5;10/03/2022;CHEMISE CARTONEE/F0033/DIR0085;BQ503030;"7 500,00";;"47 000,00";;;;;;
ACH;18/03/2022;CHEMISE CARTONEE/F0033/DIR0066;ACH03006;"7 500,00";;"54 500,00";;;;;;
BQ4;22/03/2022;CHEMISE CARTONEE/F002/DIR001;BQ403031;"7 500,00";;"62 000,00";;;;;;
BQ4;22/03/2022;CHEMISE CARTONEE/F0020/DIR0041;BQ403031;"2 500,00";;"64 500,00";;;;;;
ACH;04/04/2022;CHEMISE CARTONNEE/F0018;ACH04016;"2 500,00";;"67 000,00";;;;;;
ACH;04/04/2022;CHEMISE CARTONNEE/F0045;ACH04016;"2 500,00";;"69 500,00";;;;;;
ACH;04/04/2022;CHEMISE CARTONNEE/F0045;ACH04016;"2 500,00";;"72 000,00";;;;;;
ACH;07/04/2022;CHEMISE CARTONNEE/F0057;ACH04019;"10 000,00";;"82 000,00";;;;;;
ACH;11/04/2022;CHEMISE CARTONNEE/F0030/DIR006;ACH04021;"5 000,00";;"87 000,00";;;;;;
ACH;19/04/2022;CHEMISE CARTONEE/F0028/DIR060;ACH04025;"2 500,00";;"89 500,00";;;;;;
ACH;21/04/2022;CHEMISE CARTONEE/F0025;ACH04026;"12 500,00";;"102 000,00";;;;;;
Total compte 471102 - DEBOURS FOURNITURES;;;;"102 000,00";;"102 000,00";;;;;;
Compte 471103 - DEBOURS DROITS ET TAXES;;;;;;;;;;;;
RAN;01/01/2022;A NOUVEAUX;AN01001;"1 121 138,00";;"1 121 138,00";;;;;;
CAI;03/01/2022;TAXE MAIRIE/44559/;CAI01003;"12 000,00";;"1 133 138,00";;;;;;
CAI;03/01/2022;TAXE MAIRIE/44558/;CAI01002;"12 000,00";;"1 145 138,00";;;;;;
CAI;04/01/2022;ESCORTE MARADI/44553/;CAI01004;"15 000,00";;"1 160 138,00";;;;;;
CAI;04/01/2022;DDU/44537/;CAI01005;"5 000,00";;"1 165 138,00";;;;;;
CAI;04/01/2022;TAXE MAIRIE/44537/;CAI01005;"14 000,00";;"1 179 138,00";;;;;;
CAI;04/01/2022;TAXE MAIRIE/44556/;CAI01006;"12 000,00";;"1 191 138,00";;;;;;
CAI;05/01/2022;DROITS ET TAXES/44555/;CAI01013;"262 815,00";;"1 453 953,00";;;;;;
CAI;05/01/2022;DROITS ET TAXES/44555/;CAI01014;"337 604,00";;"1 791 557,00";;;;;;
CAI;07/01/2022;TAXE SYNDICAT/44567/;CAI01024;"4 000,00";;"1 795 557,00";;;;;;
CAI;11/01/2022;TAXES ET DROITS/44572/;CAI01046;"1 643 125,00";;"3 438 682,00";;;;;;
CAI;11/01/2022;TAXES ET DROITS COMPLEMENTAIRE;CAI01056;"8 195,00";;"3 446 877,00";;;;;;
CAI;11/01/2022;TAXES ET DROITS/AI0452;CAI01055;"68 910,00";;"3 515 787,00";;;;;;
CAI;11/01/2022;TAXES ET DROITS/AI0451;CAI01054;"60 884,00";;"3 576 671,00";;;;;;
CAI;12/01/2022;ESCORTE ZINDER/44553/;CAI01043;"50 000,00";;"3 626 671,00";;;;;;
BQ2;12/01/2022;DROITS ET TAXES/44571/;BQ201001;"667 222,00";;"4 293 893,00";;;;;;
BQ4;13/01/2022;REGLEMENT TOTAL DROITS DE DOUA;BQ401009;;"990 804,00";"3 303 089,00";;;;;;
CAI;13/01/2022;REGLEMENT TOTAL DROITS DE DOUA;BQ401009;;"990 804,00";"2 312 285,00";;;;;;
CAI;14/01/2022;TAXES ET DROITS;CAI01140;"991,34";;"2 313 276,34";;;;;;A471103
CAI;14/01/2022;TAXES ET DROITS/AI0513;CAI01079;"991 344,00";;"3 304 620,34";;;;;;
CAI;17/01/2022;TAXE MAIRIE/RI0806;CAI01101;"10 000,00";;"3 314 620,34";;;;;;
CAI;20/01/2022;TAXE MAIRIE/RI0790;CAI01125;"28 000,00";;"3 342 620,34";;;;;;
CAI;20/01/2022;DDU/RI0790;CAI01125;"18 000,00";;"3 360 620,34";;;;;;
CAI;20/01/2022;ESCORTE VILLE/RI0796;CAI01126;"150 000,00";;"3 510 620,34";;;;;;
CAI;20/01/2022;DDU/RI0796;CAI01126;"30 000,00";;"3 540 620,34";;;;;;
CAI;20/01/2022;TAXE MAIRIE/RI0796;CAI01126;"42 000,00";;"3 582 620,34";;;;;;
CAI;24/01/2022;TAXE MAIRIE/RI0803;CAI01134;"12 000,00";;"3 594 620,34";;;;;;
CAI;26/01/2022;TIMBRE FISCAL/AI0523;CAI01137;"200,00";;"3 594 820,34";;;;;;
CAI;26/01/2022;TAXES GLABALES/AI0523;CAI01139;"32 500,00";;"3 627 320,34";;;;;;
BQ5;01/02/2022;DROIT DOUANE ONG KKARKARA;BQ502009;;"11 762 248,00";;"8 134 927,66";01/02/2022;;;;
CAI;03/02/2022;ESCORTE VILLE/RI0808;CAI02185;"25 000,00";;;"8 109 927,66";;;;;
CAI;03/02/2022;REDEVANCE SCANNER/RI0808;CAI02185;"25 000,00";;;"8 084 927,66";;;;;
CAI;03/02/2022;TAXE MAIRIE/RI0808;CAI02185;"10 000,00";;;"8 074 927,66";;;;;
BQ2;04/02/2022;DROITS-TAXES DE DOUANERI0824;BQ202008;"11 495 448,00";;"3 420 520,34";;;;;;
BQ2;04/02/2022;DROIT ET TAXES DOUANE RI0808;BQ202009;"1 499 752,00";;"4 920 272,34";;;;;;
CAI;09/02/2022;TAXE MAIRIE/RI0811;CAI02222;"10 000,00";;"4 930 272,34";;;;;;
ACH;24/02/2022;ESCORTE DOUANE GAYA/RI0795;ACH02001;"6 325,00";;"4 936 597,34";;;;;;
ACH;24/02/2022;ESCORTE DOUANE GAYA/RI0814;ACH02001;"6 325,00";;"4 942 922,34";;;;;;
ACH;24/02/2022;ESCORTE DOUANE GAYA/RI0790;ACH02001;"12 650,00";;"4 955 572,34";;;;;;
ACH;24/02/2022;ESCORTE DOUANE GAYA/RI0796;ACH02001;"18 975,00";;"4 974 547,34";;;;;;
ACH;24/02/2022;ESCORTE DOUANE GAYA/RI0767;ACH02001;"6 325,00";;"4 980 872,34";;;;;;
BQ7;03/03/2022;REGLEMENT DROITS ET DOUANES DE;BQ703003;"302 168,00";;"5 283 040,34";;;;;;
BQ7;03/03/2022;REGLEMENT DROITS ET DOUANES DE;BQ703002;"2 099 187,00";;"7 382 227,34";;;;;;
BQ7;03/03/2022;REGLEMENT DROITS ET DOUANES DE;BQ703004;"302 168,00";;"7 684 395,34";;;;;;
ACH;08/03/2022;ESCORTE DOUANE/F0010/DIR0026;ACH03009;"50 000,00";;"7 734 395,34";;;;;;
ACH;08/03/2022;TAXE MAIRIE/F0010/DIR0026;ACH03009;"28 000,00";;"7 762 395,34";;;;;;
ACH;10/03/2022;ESCORTE DOUANE/F0027/DIR0057;ACH03008;"6 325,00";;"7 768 720,34";;;;;;
ACH;10/03/2022;ESCORTE DOUANE/F0026/DIR0056;ACH03008;"6 325,00";;"7 775 045,34";;;;;;
ACH;10/03/2022;ESCORTE DOUANE/F0015/DIR0032;ACH03008;"12 650,00";;"7 787 695,34";;;;;;
ACH;10/03/2022;ESCORTE DOUANE/F0049/DIR0110;ACH03008;"12 650,00";;"7 800 345,34";;;;;;
ACH;10/03/2022;ESCORTE DOUANE/F0048/DIR0109;ACH03008;"67 000,00";;"7 867 345,34";;;;;;
ACH;10/03/2022;ESCORTE DOUANE/F0037/DIR0076;ACH03008;"12 650,00";;"7 879 995,34";;;;;;
BQ5;10/03/2022;TAXE MAIRIE/F0033/DIR0085;BQ503030;"42 000,00";;"7 921 995,34";;;;;;
BQ5;10/03/2022;ESCORTE DOUANE/F0033/DIR0085;BQ503030;"150 000,00";;"8 071 995,34";;;;;;
BQ5;10/03/2022;REDEVANCE SCANNER/F0033/DIR008;BQ503030;"75 000,00";;"8 146 995,34";;;;;;
BQ5;10/03/2022;DDU/F0033/DIR0085;BQ503030;"27 000,00";;"8 173 995,34";;;;;;
ACH;11/03/2022;TAXES MAIRIE/RI0809;ACH03002;"12 000,00";;"8 185 995,34";;;;;;
BQ4;15/03/2022;DROITS ET TAXES DE DOUANE/F001;BQ403026;"2 937 680,00";;"11 123 675,34";;;;;;
BQ2;17/03/2022;DROITS DE DOUANES/F0041/DIR009;BQ203005;"293 300,00";;"11 416 975,34";;;;;;
ACH;17/03/2022;TAXES MAIRIE/F0011/DIR0029;ACH03003;"12 000,00";;"11 428 975,34";;;;;;
ACH;17/03/2022;TAXES MAIRIE/F0014/DIR0031;ACH03005;"12 000,00";;"11 440 975,34";;;;;;
ACH;18/03/2022;ESCORTE DOUANE/F0033/DIR0066;ACH03006;"75 000,00";;"11 515 975,34";;;;;;
ACH;18/03/2022;TAXES MAIRIE/F0033/DIR0066;ACH03006;"36 000,00";;"11 551 975,34";;;;;;
ACH;18/03/2022;TAXES MAIRIE/F0033/DIR0066;ACH03006;"36 000,00";;"11 587 975,34";;;;;;
ACH;22/03/2022;TAXE MAIRIE/F0043/DIR0098;ACH03009;"48 000,00";;"11 635 975,34";;;;;;
BQ4;22/03/2022;DDU(REDEVANCE INFORMATIQUE)/F0;BQ403031;"15 000,00";;"11 650 975,34";;;;;;
BQ4;22/03/2022;REDEVANCE SCANNER/F002/DIR001;BQ403031;"75 000,00";;"11 725 975,34";;;;;;
BQ4;22/03/2022;ESCORTE DOUANE/F002/DIR001;BQ403031;"150 000,00";;"11 875 975,34";;;;;;
BQ2;22/03/2022;DROIT DE DOUANE F0022/DIR0044/;BQ203009;"54 375,00";;"11 930 350,34";;;;;;
BQ4;22/03/2022;DDU(REDEVANCE INFORMATIQUE)/F0;BQ403031;"5 000,00";;"11 935 350,34";;;;;;
BQ4;22/03/2022;TAXE MAIRIE/F0020/DIR0041/42;BQ403031;"10 000,00";;"11 945 350,34";;;;;;
BQ4;22/03/2022;REDEVANCE SCANNER/F0020/DIR004;BQ403031;"25 000,00";;"11 970 350,34";;;;;;
BQ4;22/03/2022;TAXE MAIRIE/F002/DIR001;BQ403031;"30 000,00";;"12 000 350,34";;;;;;
BQ4;22/03/2022;ESCORTE DOUANE/F0020/DIR0041/4;BQ403031;"50 000,00";;"12 050 350,34";;;;;;
ACH;23/03/2022;TAXE MAIRIE/F0007/DIR0052;ACH03011;"12 000,00";;"12 062 350,34";;;;;;
ACH;24/03/2022;DDU/RI08010;ACH03012;"15 000,00";;"12 077 350,34";;;;;;
ACH;24/03/2022;CHEMISE CARTONEE/RI08010;ACH03012;"7 500,00";;"12 084 850,34";;;;;;
ACH;24/03/2022;SCANNER/RI08010;ACH03012;"75 000,00";;"12 159 850,34";;;;;;
ACH;24/03/2022;ESCORTE DOUANE/RI08010;ACH03012;"150 000,00";;"12 309 850,34";;;;;;
ACH;24/03/2022;TAXE MAIRIE/RI08010;ACH03012;"42 000,00";;"12 351 850,34";;;;;;
ACH;24/03/2022;TAXE MAIRIE/F0013;ACH03012;"12 000,00";;"12 363 850,34";;;;;;
ACH;31/03/2022;ETABLISSEMENT EXONERATION/F006;ACH03013;"9 000,00";;"12 372 850,34";;;;;;
BQ2;31/03/2022;REGLEMENT DROITS ET TAXES DOAN;BQ203012;"37 500,00";;"12 410 350,34";;;;;;
BQ7;31/03/2022;REGLEMENT FACTURE NERBILL20222;BQ703010;"28 000,00";;"12 438 350,34";;;;;;
ACH;04/04/2022;DROITS ET TAXES DE DOUANES /F0;ACH04015;"1 401 863,00";;"13 840 213,34";;;;;;
ACH;04/04/2022;TAXE MAIRIE/F0045;ACH04016;"12 000,00";;"13 852 213,34";;;;;;
ACH;04/04/2022;ESCORTE DOUANE/F0045;ACH04016;"25 000,00";;"13 877 213,34";;;;;;
ACH;04/04/2022;DDU/F0018;ACH04016;"5 000,00";;"13 882 213,34";;;;;;
ACH;04/04/2022;DDU/F0045;ACH04016;"5 000,00";;"13 887 213,34";;;;;;
ACH;04/04/2022;TAXE MAIRIE/F0045;ACH04016;"14 000,00";;"13 901 213,34";;;;;;
ACH;04/04/2022;REDEVANCE SCANNER/F0045;ACH04016;"25 000,00";;"13 926 213,34";;;;;;
ACH;04/04/2022;ESCORTE DOUANE/F0045;ACH04016;"50 000,00";;"13 976 213,34";;;;;;
ACH;04/04/2022;REDEVANCE SCANNER/F0018;ACH04016;"25 000,00";;"14 001 213,34";;;;;;
ACH;04/04/2022;ESCORTE DOUANE/F0018;ACH04016;"50 000,00";;"14 051 213,34";;;;;;
ACH;04/04/2022;TAXE MAIRIE/F0018;ACH04016;"14 000,00";;"14 065 213,34";;;;;;
ACH;04/04/2022;DROITS ET TAXES DE DOUANES /F0;ACH04017;"80 931,00";;"14 146 144,34";;;;;;
ACH;04/04/2022;PROROGATION DS/F0077;ACH04017;"25 000,00";;"14 171 144,34";;;;;;
ACH;04/04/2022;DDU/F0045;ACH04016;"5 000,00";;"14 176 144,34";;;;;;
BQ4;05/04/2022;REGLEMENT DROIT DE DOUANE COGI;BQ404039;;"5 509 337,00";"8 666 807,34";;;;;;
ACH;07/04/2022;DDU/F0057;ACH04019;"20 000,00";;"8 686 807,34";;;;;;
ACH;07/04/2022;REDEVANCE SCANNER/F0057;ACH04019;"20 000,00";;"8 706 807,34";;;;;;
ACH;07/04/2022;TAXE MAIRIE/F0050/DIR0124;ACH04019;"20 000,00";;"8 726 807,34";;;;;;
BQ2;08/04/2022;DROIT ET TAXES DE DOUANE/F0066;BQ204002;"38 410,00";;"8 765 217,34";;;;;;
BQ4;08/04/2022;DROIT ET TAXES DE DOUANE/F0003;BQ404020;"5 509 337,00";;"14 274 554,34";;;;;;
ACH;11/04/2022;DDU/F0030/DIR0064;ACH04021;"10 000,00";;"14 284 554,34";;;;;;
ACH;11/04/2022;TAXE MAIRIE/F0030/DIR0064;ACH04021;"10 000,00";;"14 294 554,34";;;;;;
ACH;11/04/2022;REDEVANCE SCANNER/F0030/DIR006;ACH04021;"10 000,00";;"14 304 554,34";;;;;;
ACH;11/04/2022;TAXE MAIRIE/F0038/DIR0083;ACH04021;"10 000,00";;"14 314 554,34";;;;;;
ACH;19/04/2022;DDU/F0028/DIR060;ACH04025;"6 000,00";;"14 320 554,34";;;;;;
ACH;19/04/2022;ESCORTE DOUANE/F0028/DIR060;ACH04025;"50 000,00";;"14 370 554,34";;;;;;
ACH;19/04/2022;REDEVANCE SCANNER/F0028/DIR060;ACH04025;"25 000,00";;"14 395 554,34";;;;;;
ACH;19/04/2022;TAXE MAIRIE/F0028/DIR060;ACH04025;"10 000,00";;"14 405 554,34";;;;;;
ACH;21/04/2022;REDEVANCE SCANNER/F0025;ACH04026;"125 000,00";;"14 530 554,34";;;;;;
ACH;21/04/2022;ESCORTE VILLE /F0025;ACH04026;"250 000,00";;"14 780 554,34";;;;;;
ACH;21/04/2022;TAXE MAIRIE/F0025;ACH04026;"50 000,00";;"14 830 554,34";;;;;;
ACH;21/04/2022;TAXE MAIRIE/F0063;ACH04028;"10 000,00";;"14 840 554,34";;;;;;
ACH;21/04/2022;REDEVANCE SCANNER/F0030;ACH04028;"20 000,00";;"14 860 554,34";;;;;;
ACH;21/04/2022;DDU/F0025;ACH04026;"25 000,00";;"14 885 554,34";;;;;;
ACH;27/04/2022;ESCORTE DOUANE/F0061;ACH04029;"10 000,00";;"14 895 554,34";;;;;;
ACH;27/04/2022;ESCORTE MILITAIRE/F60;ACH04029;"200 000,00";;"15 095 554,34";;;;;;
ACH;27/04/2022;ESCORTE MILITAIRE/F60;ACH04030;"300 000,00";;"15 395 554,34";;;;;;
ACH;27/04/2022;ESCORTE MILITAIRE/F60;ACH04031;"200 000,00";;"15 595 554,34";;;;;;
Total compte 471103 - DEBOURS DROITS ET TAXES;;;;"34 848 747,34";"19 253 193,00";"15 595 554,34";;;;;;
Compte 471104 - DEBOURS MANUTENTION;;;;;;;;;;;;
RAN;01/01/2022;A NOUVEAUX;AN01001;"133 538,00";;"133 538,00";;;;;;
CAI;10/01/2022;MANUTENTION ET PARKING/44571/;CAI01039;"68 500,00";;"202 038,00";;;;;;
CAI;11/01/2022;FRAIS DE MAGASINAGE/AI0452;CAI01053;"3 000,00";;"205 038,00";;;;;;
CAI;11/01/2022;FRAIS DE MAGASINAGE/AI0451;CAI01052;"3 000,00";;"208 038,00";;;;;;
CAI;13/01/2022;MAGASINAGE/AI0508;CAI01074;"58 798,00";;"266 836,00";;;;;;
CAI;18/01/2022;MAGASINAGE COMPLEMENT/AI0452;CAI01091;"7 000,00";;"273 836,00";;;;;;
CAI;18/01/2022;MAGASINAGE COMPL/AI0451;CAI01090;"7 000,00";;"280 836,00";;;;;;
CAI;18/01/2022;FRAIS DE STOCKAGE FROID 4 JOUR;CAI01097;"43 792,00";;"324 628,00";;;;;;
CAI;20/01/2022;FROID COMPLEMENTAIRE/AI0526;CAI01105;"10 948,00";;"335 576,00";;;;;;
CAI;20/01/2022;FRAIS MAGASINAGE/AI0513;CAI01124;"50 873,00";;"386 449,00";;;;;;
CAI;01/02/2022;MANUTENTION/AI0516;CAI02161;"10 000,00";;"396 449,00";;;;;;
CAI;01/02/2022;MANUTENTION/AI0522;CAI02165;"17 660,00";;"414 109,00";;;;;;
CAI;02/02/2022;RELIQUAT BOURS CHAMBRE FROI;CAI02174;;"1 904,00";"412 205,00";;02/02/2022;;;;
CAI;02/02/2022;RELIQUAT BOURS MAGASINAGE;CAI02173;;"39 375,00";"372 830,00";;02/02/2022;;;;
CAI;07/02/2022;MANUTENTION/AI0534;CAI02203;"5 000,00";;"377 830,00";;;;;;
CAI;08/02/2022;MANUTENTION/AI0533;CAI02217;"5 000,00";;"382 830,00";;;;;;
CAI;09/02/2022;FRAIS DE MAGASINAGE/AI0534;CAI02221;"35 700,00";;"418 530,00";;;;;;
BQ5;07/03/2022;FRAIS DE STOCKAGE NERBILL20221;BQ503009;"119 000,00";;"537 530,00";;;;;;
BQ5;07/03/2022;FRAIS DE MAGASINAGE/F0024/DIR0;BQ503009;"29 750,00";;"567 280,00";;;;;;
BQ4;07/03/2022;REGLMENT FRAIS MAGASINAGE/F002;BQ403001;"525 385,00";;"1 092 665,00";;;;;;
BQ4;07/03/2022;REGLEMENT FRAIS MAGASINAGE NER;BQ403001;"71 222,00";;"1 163 887,00";;;;;;
ACH;08/03/2022;MANUTENTION/F0043/DIR0098;ACH03009;"400 000,00";;"1 563 887,00";;;;;;
ACH;11/03/2022;MANUTENTION/RI0809;ACH03002;"30 000,00";;"1 593 887,00";;;;;;
BQ5;18/03/2022;DECHARGEMENT/CHARGEMENT/F0007/;BQ203006;"50 000,00";;"1 643 887,00";;;;;;
BQ5;18/03/2022;DECHARGEMENT/CHARGEMENT/F0033/;BQ203006;"150 000,00";;"1 793 887,00";;;;;;
BQ4;22/03/2022;MANUTENTION/F0020/DIR0041/42;BQ403031;"20 000,00";;"1 813 887,00";;;;;;
BQ4;22/03/2022;MANUTENTION/F0002/DIR0001;BQ403031;"80 000,00";;"1 893 887,00";;;;;;
ACH;23/03/2022;MANUTENTION/F0021/DIR0046;ACH03010;"70 000,00";;"1 963 887,00";;;;;;
ACH;23/03/2022;MANUTENTION/F0042/DIR0095;ACH03010;"10 000,00";;"1 973 887,00";;;;;;
ACH;23/03/2022;MANUTENTION/F0037/DIR0076;ACH03011;"50 000,00";;"2 023 887,00";;;;;;
ACH;23/03/2022;MANUTENTION/F0012/DIR0033;ACH03011;"10 000,00";;"2 033 887,00";;;;;;
ACH;23/03/2022;FRAIS STOCKAGE/F0008/DIR0028;ACH03011;"10 000,00";;"2 043 887,00";;;;;;
BQ4;25/03/2022;MAGASINAGE/F0045/DIR0104;BQ403050;"3 355 200,00";;"5 399 087,00";;;;;;
ACH;31/03/2022;MANUTENTION/F0041/DIR0115;ACH03014;"15 000,00";;"5 414 087,00";;;;;;
ACH;31/03/2022;MANUTENTION/F0023/DIR0094;ACH03014;"5 000,00";;"5 419 087,00";;;;;;
ACH;31/03/2022;MAGASINAGE/F0023/DIR0045;ACH03014;"23 800,00";;"5 442 887,00";;;;;;
ACH;31/03/2022;FRAIS REMISE DOCUMENTAIRE/F005;ACH03014;"25 000,00";;"5 467 887,00";;;;;;
ACH;31/03/2022;FRAIS DE STOCKAGE/F0051/DIR011;ACH03014;"10 000,00";;"5 477 887,00";;;;;;
ACH;31/03/2022;MANUTENTION/F0059/DIR0123;ACH03013;"5 000,00";;"5 482 887,00";;;;;;
ACH;31/03/2022;MANUTENTION/F0046/DIR0107;ACH03014;"10 000,00";;"5 492 887,00";;;;;;
BQ7;31/03/2022;REGLMENT MANUTENTION/F065/DIR1;BQ703010;"10 000,00";;"5 502 887,00";;;;;;
CAI;31/03/2022;RELIQUAT SUR REGLEMENT MAGASIN;CAI03249;;"43 200,00";"5 459 687,00";;;;;;
BQ7;01/04/2022;FRAIS DE STOCKAGE/F0065 /DIR01;BQ704003;"105 315,00";;"5 565 002,00";;;;;;
ACH;04/04/2022;MANUTENTION/F0076;ACH04017;"10 000,00";;"5 575 002,00";;;;;;
ACH;04/04/2022;FRAIS DE STOCKAGE/F0041;ACH04017;"142 100,00";;"5 717 102,00";;;;;;
ACH;04/04/2022;MAGASINAGE/F0059;ACH04017;"59 500,00";;"5 776 602,00";;;;;;
ACH;04/04/2022;MAGASINAGE/F067;ACH04017;"59 500,00";;"5 836 102,00";;;;;;
ACH;04/04/2022;MANUTENTION/F0064/DIR0136;ACH04017;"70 000,00";;"5 906 102,00";;;;;;
ACH;04/04/2022;MANUTENTION/F0045;ACH04016;"20 000,00";;"5 926 102,00";;;;;;
ACH;04/04/2022;MANUTENTION/F0045;ACH04016;"30 000,00";;"5 956 102,00";;;;;;
ACH;04/04/2022;MANUTENTION/F067;ACH04017;"10 000,00";;"5 966 102,00";;;;;;
ACH;04/04/2022;MANUTENTION/F0018;ACH04016;"20 000,00";;"5 986 102,00";;;;;;
ACH;06/04/2022;MANUTNETION/F057;ACH04018;"2 000,00";;"5 988 102,00";;;;;;
BQ7;06/04/2022;REGLEMENT MAGASINAGE F402/;BQ704007;"86 335,00";;"6 074 437,00";;;;;;
ACH;11/04/2022;MANUTENTION/F0038/DIR0083;ACH04021;"30 000,00";;"6 104 437,00";;;;;;
ACH;11/04/2022;PASSAGE MAGASIN SOUS DOUANE/F0;ACH04021;"38 998,00";;"6 143 435,00";;;;;;
BQ4;15/04/2022;REGLEMENT NERBILL2022452 MANUT;BQ404025;"5 000,00";;"6 148 435,00";;;;;;
ACH;19/04/2022;PASSAGE MAGASIN/F0028/DIR060;ACH04025;"6 800,00";;"6 155 235,00";;;;;;
ACH;19/04/2022;MANUTENTION/F0063;ACH04022;"53 272,00";;"6 208 507,00";;;;;;
ACH;19/04/2022;MANUTENTION/F0028;ACH04024;"100 000,00";;"6 308 507,00";;;;;;
AC;20/04/2022;FACTURE FTT15986 GG /F0019;AC04044;"2 211 900,00";;"8 520 407,00";;;;;;
ACH;21/04/2022;MANUTENTION/F0030;ACH04028;"20 000,00";;"8 540 407,00";;;;;;
ACH;21/04/2022;MANUTENTION/F0063;ACH04028;"100 000,00";;"8 640 407,00";;;;;;
ACH;21/04/2022;MANUTENTION/F0025;ACH04026;"140 000,00";;"8 780 407,00";;;;;;
ACH;05/05/2022;MANUTENTION/F088;ACH05034;"5 000,00";;"8 785 407,00";;;;;;
Total compte 471104 - DEBOURS MANUTENTION;;;;"8 869 886,00";"84 479,00";"8 785 407,00";;;;;;
Compte 471107 - DEBOURS TRANSPORTS;;;;;;;;;;;;
AC;23/03/2022;TRANSPORT COTONOU-NY /RI0795;AC03023;"811 915,00";;"811 915,00";;;;;;
AC;23/03/2022;TRANSPORT COTONOU-NY/NY-COTNU;AC03024;"2 491 986,00";;"3 303 901,00";;;;;;
AC;23/03/2022;TRANSPORT NY-COT*NY 1TC20/F001;AC03025;"818 182,00";;"4 122 083,00";;;;;;
ACH;25/03/2022;TRANSPORT COT-NY-GAO-COT /;AC03032;"7 500 000,00";;"11 622 083,00";;;;;;
AC;28/03/2022;TRANSPORT 7CAMIONS DOS KN/;AC03030;"12 115 040,00";;"23 737 123,00";;;;;;
ACH;31/03/2022;FRAIS CHAUFFEUR/F074/DIR0143;ACH03013;"30 000,00";;"23 767 123,00";;;;;;
AC;06/04/2022;TRANSPORT 3CAMIONS/;AC04036;"5 192 160,00";;"28 959 283,00";;;;;;
AC;12/04/2022;F:001/AD2022TRANSPORT 8TC 20 P;AC04040;"6 800 000,00";;"35 759 283,00";;;;;;
AC;12/04/2022;F:002/AD/2022TRANSPORT 3TC 20;AC04041;"5 199 000,00";;"40 958 283,00";;;;;;
Total compte 471107 - DEBOURS TRANSPORTS;;;;"40 958 283,00";;"40 958 283,00";;;;;;
Compte 471108 - DEBOURS DIVERS;;;;;;;;;;;;
RAN;01/01/2022;A NOUVEAUX;AN01001;"180 000,00";;"180 000,00";;;;;;
CAI;03/01/2022;ECOR/44559/;CAI01003;"10 000,00";;"190 000,00";;;;;;
CAI;03/01/2022;VERICATEUR/44559/;CAI01003;"10 000,00";;"200 000,00";;;;;;
CAI;03/01/2022;FRAIS MANŒUVRE/44559/;CAI01003;"20 000,00";;"220 000,00";;;;;;
CAI;03/01/2022;ECOR/44558/;CAI01002;"10 000,00";;"230 000,00";;;;;;
CAI;03/01/2022;VERIFICATION DOUANE/44558/;CAI01002;"30 000,00";;"260 000,00";;;;;;
CAI;03/01/2022;FRAIS MANŒUVRE/44558/;CAI01002;"30 000,00";;"290 000,00";;;;;;
CAI;04/01/2022;VERIFICATEUR/44537/;CAI01005;"10 000,00";;"300 000,00";;;;;;
CAI;04/01/2022;ECOR20/44537/;CAI01005;"5 000,00";;"305 000,00";;;;;;
CAI;04/01/2022;BRIGADE/44537/;CAI01005;"10 000,00";;"315 000,00";;;;;;
CAI;04/01/2022;BON DE SORTIE/44537/;CAI01005;"15 000,00";;"330 000,00";;;;;;
CAI;04/01/2022;QUITTANCE/44537/;CAI01005;"10 000,00";;"340 000,00";;;;;;
CAI;04/01/2022;VERIFICATEUR/44553/;CAI01004;"20 000,00";;"360 000,00";;;;;;
CAI;04/01/2022;MODIFICATION T1/44553/;CAI01004;"25 000,00";;"385 000,00";;;;;;
CAI;04/01/2022;APPUREMENT/44553/;CAI01004;"10 000,00";;"395 000,00";;;;;;
CAI;04/01/2022;PRESTATION/44553/;CAI01004;"25 000,00";;"420 000,00";;;;;;
CAI;04/01/2022;APPUREMENT/44537/;CAI01005;"2 000,00";;"422 000,00";;;;;;
CAI;04/01/2022;FRAIS MANŒUVRE/44537/;CAI01005;"20 000,00";;"442 000,00";;;;;;
CAI;04/01/2022;VERIFICATEUR/44556/;CAI01006;"30 000,00";;"472 000,00";;;;;;
CAI;04/01/2022;MODIFICATION/44556/;CAI01006;"25 000,00";;"497 000,00";;;;;;
CAI;04/01/2022;ECOR/44556/;CAI01006;"10 000,00";;"507 000,00";;;;;;
CAI;04/01/2022;FRAIS MANŒUVRE/44556/;CAI01006;"30 000,00";;"537 000,00";;;;;;
CAI;05/01/2022;DECHARGEMENT A LA DOUANES/4456;CAI01018;"80 000,00";;"617 000,00";;;;;;
CAI;05/01/2022;FRAIS DE REPERTOIRE MARADI/445;CAI01018;"70 000,00";;"687 000,00";;;;;;
CAI;07/01/2022;ECOR BRIGADE/44567/;CAI01024;"20 000,00";;"707 000,00";;;;;;
CAI;07/01/2022;VERIFICATION DOUANE/44566/;CAI01028;"10 000,00";;"717 000,00";;;;;;
CAI;11/01/2022;LOCATION FOURCHETTE/RI0807;CAI01058;"80 000,00";;"797 000,00";;;;;;
CAI;11/01/2022;ECOR/RI0805;CAI01041;"20 000,00";;"817 000,00";;;;;;
CAI;11/01/2022;VERIFICATION DOUANE/RI0805;CAI01041;"20 000,00";;"837 000,00";;;;;;
CAI;11/01/2022;VERIFICATEUR/44206/;CAI01042;"30 000,00";;"867 000,00";;;;;;
CAI;11/01/2022;ECOR/44206/;CAI01042;"10 000,00";;"877 000,00";;;;;;
CAI;11/01/2022;MODIFICATION T1/44206/;CAI01042;"25 000,00";;"902 000,00";;;;;;
CAI;11/01/2022;FRAIS MANŒUVRE/44206/;CAI01042;"30 000,00";;"932 000,00";;;;;;
CAI;11/01/2022;VERICATEUR/44553/;CAI01043;"20 000,00";;"952 000,00";;;;;;
CAI;11/01/2022;APPUREMENT/44553/;CAI01043;"10 000,00";;"962 000,00";;;;;;
CAI;11/01/2022;PRESTATION/44553/;CAI01043;"25 000,00";;"987 000,00";;;;;;
CAI;11/01/2022;VERIFICATION/44567/;CAI01057;"10 000,00";;"997 000,00";;;;;;
CAI;12/01/2022;VERIFICATION/44568/;CAI01064;"10 000,00";;"1 007 000,00";;;;;;
CAI;13/01/2022;VERIFICATION/AI0513;CAI01076;"10 000,00";;"1 017 000,00";;;;;;
CAI;14/01/2022;ACHAT TIMBRE FISCAUX/RI0808;CAI01081;"15 000,00";;"1 032 000,00";;;;;;
CAI;14/01/2022;FRAIS CIRCUIT/RI0808;CAI01081;"5 000,00";;"1 037 000,00";;;;;;
CAI;14/01/2022;ACHAT TIMBRE FISCAUX/RO0808;CAI01141;"15 000,00";;"1 052 000,00";;;;;;A471108
CAI;14/01/2022;FRAIS CIRCUIT/RI0808;CAI01141;"5 000,00";;"1 057 000,00";;;;;;A471108
CAI;17/01/2022;ECOR/RI0806;CAI01101;"10 000,00";;"1 067 000,00";;;;;;
CAI;17/01/2022;VERIFICATION DOUANE/RI0806;CAI01101;"30 000,00";;"1 097 000,00";;;;;;
CAI;17/01/2022;FRAIS MODIFICATION DOUANE/RI08;CAI01101;"25 000,00";;"1 122 000,00";;;;;;
CAI;18/01/2022;TRANSPORT VILLE/AI0526;CAI01095;"20 000,00";;"1 142 000,00";;;;;;
CAI;19/01/2022;VERIFICATION/AI0526;CAI01094;"10 000,00";;"1 152 000,00";;;;;;
CAI;20/01/2022;MODIFICATION T1/RI0790;CAI01125;"50 000,00";;"1 202 000,00";;;;;;
CAI;20/01/2022;VERIFICATEUR/AI0527;CAI01112;"10 000,00";;"1 212 000,00";;;;;;
CAI;20/01/2022;VERIFICATION/AI0524;CAI01116;"10 000,00";;"1 222 000,00";;;;;;
CAI;20/01/2022;TRANSPORT VILLE/AI0525;CAI01118;"20 000,00";;"1 242 000,00";;;;;;
CAI;20/01/2022;VERIFICATION/AI0525;CAI01119;"10 000,00";;"1 252 000,00";;;;;;
CAI;20/01/2022;VERIFICATION/AI0528;CAI01121;"10 000,00";;"1 262 000,00";;;;;;
CAI;20/01/2022;TRANSPORT VILLE/AI0528;CAI01123;"20 000,00";;"1 282 000,00";;;;;;
CAI;20/01/2022;ECOR/RI0790;CAI01125;"20 000,00";;"1 302 000,00";;;;;;
CAI;20/01/2022;TIRAGE QUITTANCE/RI0790;CAI01125;"20 000,00";;"1 322 000,00";;;;;;
CAI;20/01/2022;BRIGADE/RI0790;CAI01125;"20 000,00";;"1 342 000,00";;;;;;
CAI;20/01/2022;BON DE SORTIE/RI0790;CAI01125;"30 000,00";;"1 372 000,00";;;;;;
CAI;20/01/2022;VERIFICATEUR/RI0790;CAI01125;"20 000,00";;"1 392 000,00";;;;;;
CAI;20/01/2022;VERIFICATEUR/RI0796;CAI01126;"30 000,00";;"1 422 000,00";;;;;;
CAI;20/01/2022;MODIFICATEUUR T1/RI0796;CAI01126;"75 000,00";;"1 497 000,00";;;;;;
CAI;20/01/2022;ECOR/RI0796;CAI01126;"30 000,00";;"1 527 000,00";;;;;;
CAI;20/01/2022;TIRAGE QUITTANCE/RI0796;CAI01126;"30 000,00";;"1 557 000,00";;;;;;
CAI;20/01/2022;BRIGADE/RI0796;CAI01126;"30 000,00";;"1 587 000,00";;;;;;
CAI;20/01/2022;BON DE SORTIE/RI0796;CAI01126;"45 000,00";;"1 632 000,00";;;;;;
CAI;21/01/2022;FRAIS IMMOBILISATION CAMION/RI;CAI01133;"200 000,00";;"1 832 000,00";;;;;;
CAI;21/01/2022;FRAIS IMMOBILISATION CAMION/RI;CAI01132;"280 000,00";;"2 112 000,00";;;;;;
CAI;24/01/2022;MANOEUVRE/RI0803;CAI01134;"30 000,00";;"2 142 000,00";;;;;;
CAI;24/01/2022;VERIFICATEUR/RI0803;CAI01134;"30 000,00";;"2 172 000,00";;;;;;
CAI;24/01/2022;ECOR/RI0803;CAI01134;"10 000,00";;"2 182 000,00";;;;;;
CAI;24/01/2022;MODIFICATION/RI0803;CAI01134;"25 000,00";;"2 207 000,00";;;;;;
CAI;26/01/2022;VERIFICATION/AI0523;CAI01137;"10 000,00";;"2 217 000,00";;;;;;
CAI;01/02/2022;TRANSPORT VILLE/AI0516;CAI02162;"20 000,00";;"2 237 000,00";;;;;;
CAI;01/02/2022;TRANSPORT VILLE/AI0522;CAI02164;"30 000,00";;"2 267 000,00";;;;;;
CAI;02/02/2022;CIRCUIT PLAQUE/RI0824;CAI02170;"35 000,00";;"2 302 000,00";;;;;;
CAI;02/02/2022;PRESTATION AGENT/RI0824;CAI02170;"20 000,00";;"2 322 000,00";;;;;;
CAI;03/02/2022;DDU/RI0808;CAI02185;"14 000,00";;"2 336 000,00";;;;;;
CAI;03/02/2022;CHEMISE CARTONEE/RI0808;CAI02185;"2 500,00";;"2 338 500,00";;;;;;
CAI;03/02/2022;MODIFICATION T1/RI0808;CAI02185;"25 000,00";;"2 363 500,00";;;;;;
CAI;03/02/2022;VERIFICATEUR/RI0808;CAI02185;"10 000,00";;"2 373 500,00";;;;;;
CAI;03/02/2022;ECOR/RI0808;CAI02185;"5 000,00";;"2 378 500,00";;;;;;
CAI;03/02/2022;BON DE SORTIE/RI0808;CAI02185;"15 000,00";;"2 393 500,00";;;;;;
CAI;03/02/2022;PASSAGE MAGASIN/RI0808;CAI02185;"5 100,00";;"2 398 600,00";;;;;;
CAI;03/02/2022;FRAIS MANŒUVRE/RI0808;CAI02185;"20 000,00";;"2 418 600,00";;;;;;
CAI;08/02/2022;VACATION DOUANE/AI0496;CAI02211;"50 000,00";;"2 468 600,00";;;;;;
CAI;08/02/2022;VACATION DOUANE/AI0513;CAI02212;"50 000,00";;"2 518 600,00";;;;;;
CAI;08/02/2022;VERIFICATION DOUANE/AI0533;CAI02216;"10 000,00";;"2 528 600,00";;;;;;
CAI;09/02/2022;FRAIS MANŒUVRE/RI0811;CAI02222;"30 000,00";;"2 558 600,00";;;;;;
CAI;09/02/2022;VERIFICATEUR/RI0811;CAI02222;"30 000,00";;"2 588 600,00";;;;;;
CAI;09/02/2022;ECOR/RI0811;CAI02222;"10 000,00";;"2 598 600,00";;;;;;
CAI;09/02/2022;MODIFICATION T1/RI0811;CAI02222;"25 000,00";;"2 623 600,00";;;;;;
ACH;08/03/2022;MODIFICATION/F0010/DIR0026;ACH03009;"25 000,00";;"2 648 600,00";;;;;;
ACH;08/03/2022;MODIFICATION/F0043/DIR0098;ACH03009;"100 000,00";;"2 748 600,00";;;;;;
BQ5;10/03/2022;MODIFICATION/F0033/DIR0085;BQ503030;"75 000,00";;"2 823 600,00";;;;;;
ACH;24/03/2022;MODIFICATION/F0013;ACH03012;"25 000,00";;"2 848 600,00";;;;;;
ACH;06/04/2022;DEPENSES OPERATION/F0045;ACH04018;"25 000,00";;"2 873 600,00";;;;;;
ACH;06/04/2022;DEPENSES OPERATION/F0057;ACH04018;"20 000,00";;"2 893 600,00";;;;;;
ACH;07/04/2022;DEPENSES OPERATION/F0050/DIR01;ACH04019;"120 000,00";;"3 013 600,00";;;;;;
ACH;07/04/2022;DEPENSES OPERATION/F0057;ACH04019;"74 000,00";;"3 087 600,00";;;;;;
ACH;11/04/2022;MODIFICATION T1/F0038/DIR0083;ACH04021;"25 000,00";;"3 112 600,00";;;;;;
AC;29/04/2022;FACTURE FTTI5980 GG CAT BENIN/;AC04045;"1 359 317,00";;"4 471 917,00";;;;;;
AC;29/04/2022;FACTURE FTTI5982 GG CAT BENIN/;AC04046;"1 929 723,00";;"6 401 640,00";;;;;;
AC;29/04/2022;FACTURE FTT15981 CC CAT BENIN/;AC04047;"3 242 930,00";;"9 644 570,00";;;;;;
CAI;07/07/2022;VERIFICATION DOUANE/AI0534;CAI02202;"10 000,00";;"9 654 570,00";;;;;;
Total compte 471108 - DEBOURS DIVERS;;;;"9 654 570,00";;"9 654 570,00";;;;;;
Compte 471109 - DEBOURS FORMALITES DOUANIERES;;;;;;;;;;;;
RAN;01/01/2022;A NOUVEAUX;AN01001;"1 183 379,00";;"1 183 379,00";;;;;;
CAI;03/01/2022;TEL/44559/;CAI01003;"25 000,00";;"1 208 379,00";;;;;;
CAI;03/01/2022;PASSAGE MAGASIN DOUANE/44558/;CAI01002;"35 509,00";;"1 243 888,00";;;;;;
CAI;03/01/2022;TEL/44558/;CAI01002;"50 000,00";;"1 293 888,00";;;;;;
CAI;03/01/2022;MODIFICATION/44558/;CAI01002;"25 000,00";;"1 318 888,00";;;;;;
CAI;04/01/2022;PASSAGE MAGASIN DOUANE/44537/;CAI01005;"3 400,00";;"1 322 288,00";;;;;;
CAI;04/01/2022;PASSAGE MAGASIN DOUANE/44556/;CAI01006;"34 000,00";;"1 356 288,00";;;;;;
CAI;04/01/2022;TR/44537/;CAI01005;"25 000,00";;"1 381 288,00";;;;;;
CAI;04/01/2022;TR/44553/;CAI01004;"30 000,00";;"1 411 288,00";;;;;;
CAI;07/01/2022;PASSAGE FRONTIERES/44567/;CAI01020;"10 000,00";;"1 421 288,00";;;;;;
CAI;07/01/2022;TIMBRE FISCALE/44567/;CAI01021;"25 000,00";;"1 446 288,00";;;;;;
CAI;07/01/2022;DCRVIN/44567/;CAI01021;"105 000,00";;"1 551 288,00";;;;;;
CAI;07/01/2022;PASSAGE MAGASIN DOUANE/44567/;CAI01024;"20 000,00";;"1 571 288,00";;;;;;
CAI;07/01/2022;REMISE DOCUMENTAIRE/44566/;CAI01027;"25 000,00";;"1 596 288,00";;;;;;
CAI;07/01/2022;TRAVAIL RETRIBUE/44566/;CAI01028;"15 000,00";;"1 611 288,00";;;;;;
CAI;07/01/2022;FRAIS LTA/44553/;CAI01029;"119 000,00";;"1 730 288,00";;;;;;
CAI;11/01/2022;TAXE MAIRIE/44206/;CAI01042;"12 000,00";;"1 742 288,00";;;;;;
CAI;11/01/2022;PASSAGE MAGASIN DOUANE/44206/;CAI01042;"40 800,00";;"1 783 088,00";;;;;;
CAI;11/01/2022;TEL/44206/;CAI01042;"50 000,00";;"1 833 088,00";;;;;;
CAI;11/01/2022;TRAVAIL RETRIBUE/44567/;CAI01057;"15 000,00";;"1 848 088,00";;;;;;
CAI;11/01/2022;TRAVAIL RETRIBUE/44566/;CAI01047;"15 000,00";;"1 863 088,00";;;;;;
CAI;11/01/2022;FRAIS LTA/44567/;CAI01051;"144 550,00";;"2 007 638,00";;;;;;
CAI;11/01/2022;REMISE DOCUMENTAIRE/44566/;CAI01059;"25 000,00";;"2 032 638,00";;;;;;
CAI;11/01/2022;TAXES MAIRIE/RI0805;CAI01041;"24 000,00";;"2 056 638,00";;;;;;
CAI;11/01/2022;PASSAGE MAGASIN DOUANE/RI0805;CAI01041;"42 642,00";;"2 099 280,00";;;;;;
CAI;11/01/2022;TEL/RI0805;CAI01041;"25 000,00";;"2 124 280,00";;;;;;
CAI;12/01/2022;TRAVAIL RETRIBUE/44568/;CAI01064;"15 000,00";;"2 139 280,00";;;;;;
CAI;12/01/2022;TR/44553/;CAI01043;"30 000,00";;"2 169 280,00";;;;;;
CAI;13/01/2022;TRAVAIL RETRIBUE/AI0513;CAI01076;"15 000,00";;"2 184 280,00";;;;;;
CAI;13/01/2022;PRESTATION/RI0801;CAI01078;"35 000,00";;"2 219 280,00";;;;;;
CAI;13/01/2022;ESCORTE DOUANE TORODI/RI0800;CAI01077;"10 000,00";;"2 229 280,00";;;;;;
CAI;13/01/2022;PRESTATION/RI0800;CAI01077;"5 000,00";;"2 234 280,00";;;;;;
CAI;14/01/2022;PASSAGE MAGASIN/RI0772;CAI01080;"20 000,00";;"2 254 280,00";;;;;;
BQ5;14/01/2022;REMISE DOCUMENTAIRE/RI0805;BQ501003;"495 337,00";;"2 749 617,00";;;;;;
CAI;14/01/2022;ECCOR DESTINATION/RI0805;CAI01100;"200 000,00";;"2 949 617,00";;;;;;
CAI;17/01/2022;PASSAGE MAGASIN DOUANE/RI0806;CAI01101;"38 532,00";;"2 988 149,00";;;;;;
CAI;17/01/2022;TEL/RI0806;CAI01101;"50 000,00";;"3 038 149,00";;;;;;
CAI;17/01/2022;PASSAGE MAGASIN SOUS DOUANE/RI;CAI01102;"62 110,00";;"3 100 259,00";;;;;;
CAI;18/01/2022;FRAIS LTA/AI0526;CAI01098;"145 180,00";;"3 245 439,00";;;;;;
CAI;19/01/2022;FRAIS LTA/AI0525;CAI01092;"145 736,00";;"3 391 175,00";;;;;;
CAI;19/01/2022;FRAIS LTA/AI0524;CAI01093;"143 374,00";;"3 534 549,00";;;;;;
CAI;19/01/2022;TRAVAIL RETRIBUE/AI0526;CAI01094;"15 000,00";;"3 549 549,00";;;;;;
CAI;20/01/2022;REDEVANCE SCANER/RI0796;CAI01126;"75 000,00";;"3 624 549,00";;;;;;
CAI;20/01/2022;TRAVAIL RETRIBUE/AI0527;CAI01112;"15 000,00";;"3 639 549,00";;;;;;
CAI;20/01/2022;FRAIS LTA/AI0528;CAI01120;"146 902,00";;"3 786 451,00";;;;;;
CAI;20/01/2022;TRAVAIL RETRIBUE/AI0528;CAI01121;"15 000,00";;"3 801 451,00";;;;;;
CAI;20/01/2022;TRAVAIL RETRIBUE/AI0525;CAI01119;"15 000,00";;"3 816 451,00";;;;;;
CAI;20/01/2022;FRAIS LTA/AI0527;CAI01113;"130 900,00";;"3 947 351,00";;;;;;
CAI;20/01/2022;PASSAGE MAGASIN/RI0796;CAI01126;"81 600,00";;"4 028 951,00";;;;;;
CAI;20/01/2022;PASSAGE MAGASIN/RI0790;CAI01125;"25 500,00";;"4 054 451,00";;;;;;
CAI;20/01/2022;TRAVAIL RETRIBUE/RI0796;CAI01126;"75 000,00";;"4 129 451,00";;;;;;
CAI;20/01/2022;REDEVANCE SCANER/RI0790;CAI01125;"50 000,00";;"4 179 451,00";;;;;;
CAI;20/01/2022;TRAVAIL RETRIBUE/RI0790;CAI01125;"50 000,00";;"4 229 451,00";;;;;;
CAI;20/01/2022;ESCORTE DOUANE/RI0790;CAI01125;"100 000,00";;"4 329 451,00";;;;;;
CAI;20/01/2022;TRAVAIL RETRIBUE/AI0524;CAI01116;"15 000,00";;"4 344 451,00";;;;;;
CAI;20/01/2022;RELIQUAT DEBOURS LTA DOS AI052;CAI01104;;"11 900,00";"4 332 551,00";;;;;;
CAI;21/01/2022;FRAIS LTA/AI0500;CAI01131;"119 000,00";;"4 451 551,00";;;;;;
CAI;24/01/2022;TRAVAIL RETRIBUE/RI0803;CAI01134;"50 000,00";;"4 501 551,00";;;;;;
CAI;24/01/2022;PASSAGE MAGASIN/RI0803;CAI01134;"35 700,00";;"4 537 251,00";;;;;;
BQ4;25/01/2022;REMISE DOCUMENTAIRE/RI0766;BQ401013;"274 302,00";;"4 811 553,00";;;;;;
BQ4;25/01/2022;REMISE DOCUMENTAIRE/RI0806;BQ401013;"274 575,00";;"5 086 128,00";;;;;;
BQ4;25/01/2022;REMISE DOCUMENTAIRE/RI0799;BQ401013;"274 580,00";;"5 360 708,00";;;;;;
BQ4;25/01/2022;REMISE DOCUMENTAIRE/RI0770;BQ401013;"274 294,00";;"5 635 002,00";;;;;;
BQ4;25/01/2022;REMISE DOCUMENTAIRE/RI0751;BQ401013;"274 156,00";;"5 909 158,00";;;;;;
CAI;26/01/2022;PASSAGE GAYA/RI0814;CAI01135;"10 000,00";;"5 919 158,00";;;;;;
CAI;26/01/2022;TRAVAIL RETRIBUE/AI0523;CAI01137;"15 000,00";;"5 934 158,00";;;;;;
CAI;31/01/2022;PASSAGE FRONTIERE GAYARI0789;CAI02157;"20 000,00";;"5 954 158,00";;;;;;
CAI;01/02/2022;FRAIS LTA/AI0530;CAI02168;"73 780,00";;"6 027 938,00";;;;;;
CAI;01/02/2022;FRAIS LTA/AI0516;CAI02160;"119 000,00";;"6 146 938,00";;;;;;
CAI;01/02/2022;FRAIS LTA/AI0522;CAI02163;"162 300,00";;"6 309 238,00";;;;;;
CAI;02/02/2022;TRAVAIL RETRIBUE/RI0824;CAI02170;"30 000,00";;"6 339 238,00";;;;;;
CAI;02/02/2022;FACTURE SONILOGA/RI0824;CAI02170;"162 000,00";;"6 501 238,00";;;;;;
CAI;03/02/2022;TRAVAIL RETRIBUE/RI0808;CAI02185;"25 000,00";;"6 526 238,00";;;;;;
CAI;07/02/2022;FRAIS LTA/AI0534;CAI02201;"119 000,00";;"6 645 238,00";;;;;;
CAI;07/02/2022;TRAVAIL RETRIBUE/AI0534;CAI02202;"15 000,00";;"6 660 238,00";;;;;;
CAI;07/02/2022;RELIQUAT LTA DSV BC 1545;CAI02219;;"3 246,00";"6 656 992,00";;07/02/2022;;;;
CAI;08/02/2022;FRAIS LTA/AI0531;CAI02214;"119 000,00";;"6 775 992,00";;;;;;
CAI;08/02/2022;TRAVAIL RETRIBUE/AI0533;CAI02216;"15 000,00";;"6 790 992,00";;;;;;
CAI;08/02/2022;FRAIS LTA/AI0533;CAI02215;"130 900,00";;"6 921 892,00";;;;;;
BQ4;08/02/2022;REMISE DOCUMENTAIRE/RI0803;BQ402045;"267 282,00";;"7 189 174,00";;;;;;
BQ4;08/02/2022;REMISE DOCUMENTAIRE/RI0778;BQ402045;"274 214,00";;"7 463 388,00";;;;;;
BQ4;08/02/2022;REMISE DOCUMENTAIRE/RI0798;BQ402045;"267 234,00";;"7 730 622,00";;;;;;
BQ4;08/02/2022;REMISE DOCUMENTAIRE/RI0792;BQ402045;"267 229,00";;"7 997 851,00";;;;;;
CAI;09/02/2022;PASSAGE MAGASIN/RI0811;CAI02222;"34 000,00";;"8 031 851,00";;;;;;
CAI;09/02/2022;TRAVAIL RETRIBUE/RI0811;CAI02222;"50 000,00";;"8 081 851,00";;;;;;
BQ3;11/02/2022;REGLEMENT STATIONNEMENT CAMION;BQ302005;"80 000,00";;"8 161 851,00";;;;;;
BQ3;21/02/2022;FRAIS LTA/F0024;BQ303001;"130 900,00";;"8 292 751,00";;;;;;
BQ4;03/03/2022;FRAIS LTA/F0046/DIR0107;BQ403020;"148 500,00";;"8 441 251,00";;;;;;
BQ5;03/03/2022;FRAIS LTA/F0006/DIR0071;BQ503015;"73 780,00";;"8 515 031,00";;;;;;
BQ5;03/03/2022;FRIAS LTA/F0022/DIR0044;BQ503015;"130 900,00";;"8 645 931,00";;;;;;
BQ5;03/03/2022;FRAIS LTA/F0023/DIR0045;BQ503015;"115 430,00";;"8 761 361,00";;;;;;
BQ5;03/03/2022;REMISE DOCUMENTAIRE/F0021/DIR0;BQ503010;"856 100,00";;"9 617 461,00";;;;;;
BQ5;04/03/2022;TRAVAIL RETRIBUE/F0021-DIR0046;BQ503011;"45 000,00";;"9 662 461,00";;;;;;
BQ5;04/03/2022;TEL/F0034-DIR0072;BQ503011;"15 000,00";;"9 677 461,00";;;;;;
BQ5;08/03/2022;COMPLEMENT FRAIS LTA /F0006/DI;BQ503016;"41 650,00";;"9 719 111,00";;;;;;
ACH;08/03/2022;TRAVAIL RETRIBUE/F0010/DIR0026;ACH03009;"50 000,00";;"9 769 111,00";;;;;;
BQ5;10/03/2022;PASSAGE MAGASIN DOUANE/F0033/D;BQ503030;"42 853,00";;"9 811 964,00";;;;;;
BQ5;10/03/2022;TRAVAIL EXTRA LEGAL/F0033/DIR0;BQ503030;"75 000,00";;"9 886 964,00";;;;;;
BQ5;10/03/2022;NIGER TERMINAL/F0033/DIR0085;BQ503030;"40 759,00";;"9 927 723,00";;;;;;
ACH;11/03/2022;TRAVAIL RETRIBUE/RI0809;ACH03002;"50 000,00";;"9 977 723,00";;;;;;
ACH;11/03/2022;VERIFICATION DOUANE/RI0809;ACH03002;"30 000,00";;"10 007 723,00";;;;;;
ACH;11/03/2022;FRAIS DE MODIFICATION T1/RI080;ACH03002;"25 000,00";;"10 032 723,00";;;;;;
ACH;11/03/2022;ECOR/RI0809;ACH03002;"10 000,00";;"10 042 723,00";;;;;;
ACH;11/03/2022;VACATION DOUANE/RI0794;ACH03002;"50 000,00";;"10 092 723,00";;;;;;
ACH;11/03/2022;VACATION DOUANE/RI0793;ACH03002;"100 000,00";;"10 192 723,00";;;;;;
ACH;11/03/2022;PASSAGE FRONTIERE/RI0810;ACH03002;"30 000,00";;"10 222 723,00";;;;;;
ACH;11/03/2022;PASSAGE MAGASIN SOUS DOUANE/RI;ACH03002;"39 100,00";;"10 261 823,00";;;;;;
ACH;11/03/2022;PASSAGE FRONTIERE;ACH03002;"10 000,00";;"10 271 823,00";;;;;;
ACH;11/03/2022;ECOR A DOMICILE/RI0808;ACH03002;"150 000,00";;"10 421 823,00";;;;;;
BQ5;14/03/2022;ECOR A DOMICILE/F0043/DIR0098;BQ503029;"400 000,00";;"10 821 823,00";;;;;;
BQ5;14/03/2022;NIGER TERMINAL/F0043/DIR0098;BQ503029;"12 244,00";;"10 834 067,00";;;;;;
BQ5;14/03/2022;NIGER TERMINAL/F0043/DIR0098;BQ503029;"100 280,00";;"10 934 347,00";;;;;;
BQ5;14/03/2022;NIGER TERMINAL/F0043/DIR0098;BQ503029;"903 668,00";;"11 838 015,00";;;;;;
BQ3;15/03/2022;FRAIS LTA/F0053/DIR0115;BQ303009;"131 600,00";;"11 969 615,00";;;;;;
BQ3;15/03/2022;FRAIS LTA /F059/DIR0123;BQ303012;"145 180,00";;"12 114 795,00";;;;;;
ACH;17/03/2022;PASSAGE MAGASIN SOUS DOUANE/F0;ACH03003;"43 951,00";;"12 158 746,00";;;;;;
ACH;17/03/2022;TRAVAIL EXTRA LEGAL/F0011/DIR0;ACH03003;"50 000,00";;"12 208 746,00";;;;;;
ACH;17/03/2022;MODIFICATION T1/F0011/DIR0029;ACH03003;"25 000,00";;"12 233 746,00";;;;;;
ACH;17/03/2022;FORFAIT 37 CONTENEURS 20P FTTI;AC03019;"20 350 000,00";;"32 583 746,00";;;;;;
ACH;17/03/2022;MODIFICATION T1/F0014/DIR0031;ACH03005;"25 000,00";;"32 608 746,00";;;;;;
ACH;17/03/2022;PASSAGE MAGASIN SOUS DOUANE/F0;ACH03005;"30 311,00";;"32 639 057,00";;;;;;
ACH;17/03/2022;TEL/F0014/DIR0031;ACH03005;"50 000,00";;"32 689 057,00";;;;;;
ACH;17/03/2022;VACATION DOUANE/RI0791;ACH03004;"100 000,00";;"32 789 057,00";;;;;;
ACH;17/03/2022;VACATION DOUANE/RI0800;ACH03004;"50 000,00";;"32 839 057,00";;;;;;
ACH;17/03/2022;FRAIS LTA/F0034/DIR0072;ACH03003;"130 900,00";;"32 969 957,00";;;;;;
ACH;17/03/2022;TEL/F0008/DIR0028;ACH03003;"15 000,00";;"32 984 957,00";;;;;;
ACH;17/03/2022;TEL/F0012/DIR0033;ACH03003;"15 000,00";;"32 999 957,00";;;;;;
ACH;18/03/2022;DDU/F0033/DIR0066;ACH03006;"15 000,00";;"33 014 957,00";;;;;;
ACH;18/03/2022;TEL/F0033/DIR0066;ACH03006;"75 000,00";;"33 089 957,00";;;;;;
BQ5;18/03/2022;IMMOBILISATION CAMION/F00107/D;BQ203006;"240 000,00";;"33 329 957,00";;;;;;
BQ2;21/03/2022;ECOR A DOMICILE/F0010/DIR0026;BQ203010;"300 000,00";;"33 629 957,00";;;;;;
BQ4;22/03/2022;REGLEMENT MAGASINAGE NERBILL20;BQ403052;"169 516,00";;"33 799 473,00";;;;;;
BQ4;22/03/2022;REGLEMENT MAGASINAGE NERBILL20;BQ403052;"67 949,00";;"33 867 422,00";;;;;;
BQ4;22/03/2022;REGLEMENT MAGASINAGE NERBILL20;BQ403052;"59 500,00";;"33 926 922,00";;;;;;
BQ4;22/03/2022;ECOR A DOMICILE/F0020/DIR0041/;BQ403031;"150 000,00";;"34 076 922,00";;;;;;
BQ4;22/03/2022;PASSAGE MAGASIN DOUANE/F002/DI;BQ403031;"26 700,00";;"34 103 622,00";;;;;;
BQ4;22/03/2022;ECOR A DOMICILE/F002/DIR001;BQ403031;"450 000,00";;"34 553 622,00";;;;;;
BQ4;22/03/2022;PASSAGE MAGASIN DOUANE/F0020/D;BQ403031;"4 500,00";;"34 558 122,00";;;;;;
BQ4;22/03/2022;TEL/F0020/DIR0041/42;BQ403031;"25 000,00";;"34 583 122,00";;;;;;
ACH;22/03/2022;NIGER TERMINAL/F0010/DIR0026;ACH03009;"200 992,00";;"34 784 114,00";;;;;;
ACH;22/03/2022;ECOR A DOMICILE/F0014/DIR31;ACH03009;"100 000,00";;"34 884 114,00";;;;;;
ACH;22/03/2022;IMMOBILISATION CAMION/F0014/DI;ACH03009;"40 000,00";;"34 924 114,00";;;;;;
ACH;22/03/2022;PASSAGE FRONTIERE/F0043/DIR009;ACH03009;"50 000,00";;"34 974 114,00";;;;;;
ACH;22/03/2022;TRAVAIL EXTRA LEGAL/F0043/DIR0;ACH03009;"100 000,00";;"35 074 114,00";;;;;;
ACH;22/03/2022;PASSAGE FRONTIERE/F0017/DIR40;ACH03007;"70 000,00";;"35 144 114,00";;;;;;
ACH;22/03/2022;PASSAGE FRONTIERE/F0027/DIR005;ACH03007;"10 000,00";;"35 154 114,00";;;;;;
ACH;22/03/2022;PASSAGE FRONTIERE/F0026/DIR005;ACH03007;"10 000,00";;"35 164 114,00";;;;;;
BQ4;22/03/2022;TEL/F002/DIR001;BQ403031;"75 000,00";;"35 239 114,00";;;;;;
BQ4;23/03/2022;REGLEMENT CMA CGM F308/RI0774;BQ403032;"120 000,00";;"35 359 114,00";;;;;;
BQ4;23/03/2022;REGLEMENT CMA CGM F175/F0011/D;BQ403032;"707 119,00";;"36 066 233,00";;;;;;
ACH;23/03/2022;TEL/F0007/DIR0052;ACH03011;"25 000,00";;"36 091 233,00";;;;;;
ACH;23/03/2022;PASSAGE MAGASIN DOUANE/F0007/D;ACH03011;"13 600,00";;"36 104 833,00";;;;;;
ACH;23/03/2022;TEL/F0023/DIR0045;ACH03011;"15 000,00";;"36 119 833,00";;;;;;
ACH;23/03/2022;TEL/F0022/DIR0044;ACH03011;"15 000,00";;"36 134 833,00";;;;;;
ACH;23/03/2022;MODIFICATION/F0007/DIR0052;ACH03011;"25 000,00";;"36 159 833,00";;;;;;
ACH;24/03/2022;PASSAGE FRONTIERE/F0015/DIR003;ACH03012;"30 000,00";;"36 189 833,00";;;;;;
ACH;24/03/2022;PASSAGE FRONTIERE/F0015/DIR003;ACH03012;"30 000,00";;"36 219 833,00";;;;;;
ACH;24/03/2022;PASSAGE FRONTIERE/F0015/DIR001;ACH03012;"10 000,00";;"36 229 833,00";;;;;;
ACH;24/03/2022;TRAVAIL EXTRA LEGAL/F0013;ACH03012;"50 000,00";;"36 279 833,00";;;;;;
ACH;24/03/2022;PASSAGE MAGASIN DOUANE/RI08010;ACH03012;"42 258,00";;"36 322 091,00";;;;;;
ACH;24/03/2022;TEL/RI08010;ACH03012;"75 000,00";;"36 397 091,00";;;;;;
ACH;24/03/2022;PASSAGE MAGASIN DOUANE/F0013;ACH03012;"32 300,00";;"36 429 391,00";;;;;;
ACH;24/03/2022;TRAVAIL EXTRA LEGAL/F0013;ACH03012;"25 000,00";;"36 454 391,00";;;;;;
BQ4;25/03/2022;REGLEMENT SUMMA FRAIS LTA /F64;BQ403061;"221 578,00";;"36 675 969,00";;;;;;
BQ4;25/03/2022;REGLEMENT SUMMA FRAIS LTA /F06;BQ403062;"130 900,00";;"36 806 869,00";;;;;;
BQ4;25/03/2022;FRAIS LTA /F0053/DIR0115;BQ403059;"147 294,00";;"36 954 163,00";;;;;;
BQ4;25/03/2022;FRAIS LTA /F65/DIR137;BQ403059;"144 844,00";;"37 099 007,00";;;;;;
ACH;31/03/2022;TRAVAIL EXTRA LEGAL/F0046/DIR0;ACH03014;"15 000,00";;"37 114 007,00";;;;;;
ACH;31/03/2022;TRAVAIL EXTRA LEGAL/F0053/DIR0;ACH03014;"15 000,00";;"37 129 007,00";;;;;;
ACH;31/03/2022;TRAVAIL EXTRA LEGAL/F0051/DIR0;ACH03013;"15 000,00";;"37 144 007,00";;;;;;
ACH;31/03/2022;TRAVAIL EXTRA LEGAL/F0059/DIR0;ACH03013;"15 000,00";;"37 159 007,00";;;;;;
ACH;31/03/2022;FRAIS LTA /F0041/DIR0094;ACH03014;"131 500,00";;"37 290 507,00";;;;;;
ACH;31/03/2022;TRAVAIL EXTRA LEGAL/F0041/DIR0;ACH03014;"15 000,00";;"37 305 507,00";;;;;;
BQ7;31/03/2022;REGLEMENT FACTURE NERBILL20222;BQ703010;"15 000,00";;"37 320 507,00";;;;;;
BQ7;01/04/2022;FRAIS LTA/F078/DIR0154;BQ704003;"119 000,00";;"37 439 507,00";;;;;;
ACH;04/04/2022;TEL/F0076;ACH04017;"15 000,00";;"37 454 507,00";;;;;;
ACH;04/04/2022;TEL/F0064/DIR0136;ACH04017;"30 000,00";;"37 484 507,00";;;;;;
ACH;04/04/2022;FRAIS LTA/F66;ACH04017;"101 150,00";;"37 585 657,00";;;;;;
ACH;04/04/2022;FRAIS LTA/F0076;ACH04017;"148 500,00";;"37 734 157,00";;;;;;
ACH;04/04/2022;TEL/F0045;ACH04016;"25 000,00";;"37 759 157,00";;;;;;
ACH;04/04/2022;TEL/F0045;ACH04016;"25 000,00";;"37 784 157,00";;;;;;
ACH;04/04/2022;PASSAGE MAGASIN SOUS DOUANE/F0;ACH04016;"7 055,00";;"37 791 212,00";;;;;;
ACH;04/04/2022;TEL/F0077;ACH04017;"15 000,00";;"37 806 212,00";;;;;;
ACH;04/04/2022;TEL/F067;ACH04017;"15 000,00";;"37 821 212,00";;;;;;
ACH;04/04/2022;TEL/F0018;ACH04016;"25 000,00";;"37 846 212,00";;;;;;
ACH;04/04/2022;PASSAGE MAGASION SOUS DOUANE/F;ACH04016;"5 943,00";;"37 852 155,00";;;;;;
ACH;06/04/2022;MODIFICATION T1/F0045;ACH04018;"25 000,00";;"37 877 155,00";;;;;;
ACH;06/04/2022;ECOR A DOMICILE/F0018;ACH04018;"150 000,00";;"38 027 155,00";;;;;;
ACH;06/04/2022;IMMOBILISATION CAMION/F0018;ACH04018;"160 000,00";;"38 187 155,00";;;;;;
BQ7;06/04/2022;REGLEMENT REMISE DOCUMENTAIRE/;BQ704011;"267 287,00";;"38 454 442,00";;;;;;
BQ7;06/04/2022;FRAIS LTA/F80;BQ704012;"100 000,00";;"38 554 442,00";;;;;;
ACH;07/04/2022;TEL/F0057;ACH04019;"60 000,00";;"38 614 442,00";;;;;;
ACH;07/04/2022;IMMATRICULATION SONILOGA/F0057;ACH04019;"324 800,00";;"38 939 242,00";;;;;;
AC;07/04/2022;PASSAGE FORNTIERE/F0050/DIR012;ACH04020;"20 000,00";;"38 959 242,00";;;;;;
AC;07/04/2022;PASSAGE FORNTIERE/F0002;ASCO04001;"30 000,00";;"38 989 242,00";;;;;;
AC;07/04/2022;PASSAGE FORNTIERE/F0018;ASCO04001;"10 000,00";;"38 999 242,00";;;;;;
AC;07/04/2022;PASSAGE FORNTIERE/F0020/DIR004;ASCO04001;"10 000,00";;"39 009 242,00";;;;;;
AC;07/04/2022;PASSAGE FORNTIERE/F0056;ASCO04001;"10 000,00";;"39 019 242,00";;;;;;
AC;07/04/2022;PASSAGE FORNTIERE/F0055;ASCO04001;"10 000,00";;"39 029 242,00";;;;;;
AC;07/04/2022;PASSAGE FORNTIERE/F0007;ASCO04001;"10 000,00";;"39 039 242,00";;;;;;
AC;07/04/2022;PASSAGE FORNTIERE/F0036;ASCO04001;"10 000,00";;"39 049 242,00";;;;;;
ACH;11/04/2022;TRAVAIL EXTRA LEGAL/F0030/DIR0;ACH04021;"30 000,00";;"39 079 242,00";;;;;;
ACH;11/04/2022;TRAVAIL EXTRA LEGAL/F0038/DIR0;ACH04021;"50 000,00";;"39 129 242,00";;;;;;
ACH;11/04/2022;DEPENSES OPERATIONS/F0030/DIR0;ACH04021;"128 000,00";;"39 257 242,00";;;;;;
BQ4;15/04/2022;REGLEMENT NERBILL2022449/F60;BQ404025;"130 900,00";;"39 388 142,00";;;;;;
BQ4;15/04/2022;REGLEMENT NERBILL2022451/F088;BQ404025;"145 180,00";;"39 533 322,00";;;;;;
BQ4;15/04/2022;REGLEMENT NERBILL2022452 TEL/F;BQ404025;"15 000,00";;"39 548 322,00";;;;;;
BQ4;15/04/2022;REGLEMENT NERBILL2022456/F088;BQ404025;"23 800,00";;"39 572 122,00";;;;;;
BQ4;15/04/2022;REGLEMENT NERBILL2022457/F089;BQ404025;"145 180,00";;"39 717 302,00";;;;;;
BQ4;15/04/2022;REGLEMENT NERBILL2022459/F089;BQ404025;"23 800,00";;"39 741 102,00";;;;;;
ACH;19/04/2022;ECCOR A DOMICILE/F0063;ACH04022;"100 000,00";;"39 841 102,00";;;;;;
ACH;19/04/2022;TEL/F0028/DIR060;ACH04025;"25 000,00";;"39 866 102,00";;;;;;
ACH;19/04/2022;DEPENSES OPERATIONS/F0003;ACH04025;"253 700,00";;"40 119 802,00";;;;;;
ACH;19/04/2022;ECCOR A DOMICILE/F0025;ACH04023;"600 000,00";;"40 719 802,00";;;;;;
ACH;21/04/2022;PASSAGE FRONTIERE/F0025;ACH04026;"50 000,00";;"40 769 802,00";;;;;;
ACH;21/04/2022;PASSAGE MAGASIN/F0025;ACH04026;"193 155,00";;"40 962 957,00";;;;;;
ACH;21/04/2022;TRAVAIL EXTRA LEGAL/F0025;ACH04026;"125 000,00";;"41 087 957,00";;;;;;
ACH;21/04/2022;DEPENSES OPERATIONS/F0030;ACH04028;"20 000,00";;"41 107 957,00";;;;;;
ACH;21/04/2022;DEPENSES OPERATIONS/F0050;ACH04027;"420 000,00";;"41 527 957,00";;;;;;
ACH;21/04/2022;PASSAGE FRONTIERE/F0063;ACH04028;"12 500,00";;"41 540 457,00";;;;;;
ACH;21/04/2022;TEL/F0063;ACH04028;"25 000,00";;"41 565 457,00";;;;;;
ACH;21/04/2022;MODIFICATION T1/F0063;ACH04028;"25 000,00";;"41 590 457,00";;;;;;
ACH;21/04/2022;NIGER TERMINAL/F063;ACH04028;"223 465,00";;"41 813 922,00";;;;;;
ACH;21/04/2022;DCRVIO/SONILOGA/F062;ACH04028;"360 000,00";;"42 173 922,00";;;;;;
BQ4;21/04/2022;FRAIS LTA/F90;BQ404030;"145 180,00";;"42 319 102,00";;;;;;
BQ4;21/04/2022;FRAIS LTA/F90;BQ404031;"23 800,00";;"42 342 902,00";;;;;;
ACH;27/04/2022;PASSAGE AYOROU/F60;ACH04029;"70 000,00";;"42 412 902,00";;;;;;
ACH;27/04/2022;FORMALITES DOUANIERE/F60;ACH04029;"320 000,00";;"42 732 902,00";;;;;;
ACH;27/04/2022;PASSAGE FRONTIERE/F0061;ACH04029;"14 500,00";;"42 747 402,00";;;;;;
ACH;27/04/2022;PASSAGE AYOROU/F60;ACH04031;"70 000,00";;"42 817 402,00";;;;;;
ACH;27/04/2022;FORMALITES DOUANIERE/F60;ACH04031;"320 000,00";;"43 137 402,00";;;;;;
ACH;27/04/2022;PASSAGE FRONTIERE/F60;ACH04030;"105 000,00";;"43 242 402,00";;;;;;
ACH;27/04/2022;FORMALITES DOUANIERE/F60;ACH04030;"480 000,00";;"43 722 402,00";;;;;;
ACH;29/04/2022;ECOR A DOMICILE/F0025;ACH04031;"150 000,00";;"43 872 402,00";;;;;;
ACH;29/04/2022;FRAIS LTA/D0074;ACH04031;"25 000,00";;"43 897 402,00";;;;;;
ACH;05/05/2022;PASSAGE FRONTIERE/F0058;ACH05033;"60 000,00";;"43 957 402,00";;;;;;
ACH;05/05/2022;PASSAGE FRONTIERE/F0040;ACH05033;"80 000,00";;"44 037 402,00";;;;;;
ACH;05/05/2022;PASSAGE FRONTIERE/F060;ACH05034;"130 900,00";;"44 168 302,00";;;;;;
ACH;05/05/2022;PASSAGE FRONTIERE/F088;ACH05034;"145 180,00";;"44 313 482,00";;;;;;
ACH;05/05/2022;PASSAGE FRONTIERE/F088;ACH05034;"15 000,00";;"44 328 482,00";;;;;;
ACH;05/05/2022;PASSAGE FRONTIERE/F088;ACH05034;"23 800,00";;"44 352 282,00";;;;;;
ACH;05/05/2022;PASSAGE FRONTIERE/F089;ACH05034;"145 180,00";;"44 497 462,00";;;;;;
ACH;05/05/2022;PASSAGE FRONTIERE/F086;ACH05034;"23 800,00";;"44 521 262,00";;;;;;
Total compte 471109 - DEBOURS FORMALITES DOUANIERES;;;;"44 536 408,00";"15 146,00";"44 521 262,00";;;;;;
Compte 471111 - DEBOURS CARBURANT;;;;;;;;;;;;
CAI;20/01/2022;CARBURANT/AI0527;CAI01110;"5 000,00";;"5 000,00";;;;;;
CAI;20/01/2022;CARBURANT/AI0524;CAI01114;"5 000,00";;"10 000,00";;;;;;
CAI;01/02/2022;CARBURANT/AI0530;CAI02166;"5 000,00";;"15 000,00";;;;;;
CAI;01/02/2022;CARBURANT/AI0523;CAI02167;"5 000,00";;"20 000,00";;;;;;
CAI;07/02/2022;FRAIS DE CARBURANT/AI0534;CAI02204;"5 000,00";;"25 000,00";;;;;;
ACH;06/04/2022;ACHAT CABURANT /F0057;ACH04018;"20 000,00";;"45 000,00";;;;;;
ACH;19/04/2022;ACHAT CARBURANT/F0045;ACH04024;"15 000,00";;"60 000,00";;;;;;
CAI;08/08/2022;CARBURANT/AI0533;CAI02218;"5 000,00";;"65 000,00";;;;;;
Total compte 471111 - DEBOURS CARBURANT;;;;"65 000,00";;"65 000,00";;;;;;
Compte 471113 - REGROIUPEMENT DEBOURS;;;;;;;;;;;;
RAN;01/01/2022;A NOUVEAUX;AN01001;"218 484 027,31";;"218 484 027,31";;;;;;
Total compte 471113 - REGROIUPEMENT DEBOURS;;;;"218 484 027,31";;"218 484 027,31";;;;;;
Compte 471118 - AGENT HAMIDOU AMADOU;;;;;;;;;;;;
BQ4;10/03/2022;NIGER TERMINAL/F0010/DIR0026;BQ403013;"141 839,00";;"141 839,00";;;;;;
BQ4;10/03/2022;MANUTENTION/F0021/DIR0046;BQ403013;"70 000,00";;"211 839,00";;;;;;
BQ4;10/03/2022;FRAIS LTA/F0042/DIR0095;BQ403013;"129 000,00";;"340 839,00";;;;;;
BQ3;15/03/2022;REGLEMENT CIRCUIT DOS F0007/DI;BQ303008;"75 600,00";;"416 439,00";;;;;;
BQ3;15/03/2022;REGLEMENT MAGASINAGE/F0012/DIR;BQ303008;"10 000,00";;"426 439,00";;;;;;
BQ3;15/03/2022;REGLEMENTSTOCKAGE/F0008/DIR002;BQ303008;"10 000,00";;"436 439,00";;;;;;
BQ3;15/03/2022;REGLMENT TEL/F0023/DIR0045;BQ303008;"15 000,00";;"451 439,00";;;;;;
BQ3;15/03/2022;REGLEMENT FORMALITES DOUANIERE;BQ303008;"15 000,00";;"466 439,00";;;;;;
BQ3;15/03/2022;REGLEMENT MANUTENTION/F0037/DI;BQ303008;"50 000,00";;"516 439,00";;;;;;
BQ2;21/03/2022;REGLEMENT FACTURE NERBILL20221;BQ203007;"25 000,00";;"541 439,00";;;;;;
BQ2;21/03/2022;REGLEMENT FACTURE NERBILL20220;BQ203007;"23 800,00";;"565 239,00";;;;;;
BQ2;21/03/2022;REGLEMENT FACTURE NERBILL20221;BQ203007;"151 500,00";;"716 739,00";;;;;;
BQ2;21/03/2022;REGLEMENT FACTURE NERBILL20222;BQ203007;"35 000,00";;"751 739,00";;;;;;
BQ2;21/03/2022;REGLEMENT FACTURE NERBILL20222;BQ203007;"30 000,00";;"781 739,00";;;;;;
ACH;23/03/2022;NIGER TERMINAL/F0010/DIR0026;ACH03010;;"340 839,00";"440 900,00";;;;;;
ACH;23/03/2022;TEL/F0022/DIR0044;ACH03011;;"175 600,00";"265 300,00";;;;;;
BQ4;24/03/2022;REGLEMENT F314 ETABLISSEMENT E;BQ403037;"9 000,00";;"274 300,00";;;;;;
BQ4;24/03/2022;REGLEMENT F236 MANUTENTION/F00;BQ403037;"5 000,00";;"279 300,00";;;;;;
BQ4;24/03/2022;REGLEMENT F235 TEL/F0059/DIR12;BQ403037;"15 000,00";;"294 300,00";;;;;;
BQ4;24/03/2022;REGLEMENT F319 FRAIS CHAUFFEUR;BQ403037;"30 000,00";;"324 300,00";;;;;;
BQ4;24/03/2022;REGLEMENT F203 TEL/F0051/DIR01;BQ403037;"15 000,00";;"339 300,00";;;;;;
BQ4;28/03/2022;AVANCE TRANSPORT/;BQ403053;"250 000,00";;"589 300,00";;;;;;
BQ4;30/03/2022;REGLEMENT NERBILL2022359/F0067;BQ403058;"59 500,00";;"648 800,00";;;;;;
BQ4;30/03/2022;REGLEMENT NERBILL2022283/F0064;BQ403058;"100 000,00";;"748 800,00";;;;;;
BQ4;30/03/2022;REGLEMENT NERBILL2022289/F66/D;BQ403058;"101 150,00";;"849 950,00";;;;;;
BQ4;30/03/2022;REGLEMENT NERBILL2022372/F0077;BQ403058;"40 000,00";;"889 950,00";;;;;;
BQ4;30/03/2022;REGLEMENT NERBILL2022350/F0059;BQ403058;"59 500,00";;"949 450,00";;;;;;
BQ4;30/03/2022;REGLEMENT NERBILL2022301/F067/;BQ403058;"25 000,00";;"974 450,00";;;;;;
BQ4;30/03/2022;REGLEMENT NERBILL2022355/F0076;BQ403058;"148 500,00";;"1 122 950,00";;;;;;
BQ4;30/03/2022;REGLEMENT NERBILL2022272/F0041;BQ403058;"142 100,00";;"1 265 050,00";;;;;;
BQ4;30/03/2022;REGLEMENT NERBILL2022356/F0076;BQ403058;"25 000,00";;"1 290 050,00";;;;;;
BQ4;30/03/2022;REGLEMENT NERBILL2022366/F0051;BQ403058;"80 931,00";;"1 370 981,00";;;;;;
ACH;31/03/2022;FRAIS DE STOCKAGE/F0051/DIR011;ACH03014;;"265 300,00";"1 105 681,00";;;;;;
ACH;31/03/2022;ETABLISSEMENT EXONERATION/F006;ACH03013;;"74 000,00";"1 031 681,00";;;;;;
ACH;04/04/2022;PROROGATION DS/F0077;ACH04017;;"781 681,00";"250 000,00";;;;;;
BQ4;12/04/2022;REGLMENT NERBILL2022027/F0028;BQ404018;"125 300,00";;"375 300,00";;;;;;
BQ4;12/04/2022;REGLMENT NERBILL2022050/F0003;BQ404018;"253 700,00";;"629 000,00";;;;;;
BQ4;14/04/2022;REGLMENT NERBILL2022455/F0028;BQ404023;"100 000,00";;"729 000,00";;;;;;
BQ4;14/04/2022;REGLMENT NERBILL2022313/F0045;BQ404023;"15 000,00";;"744 000,00";;;;;;
ACH;19/04/2022;MANUTENTION/F0028;ACH04024;;"115 000,00";"629 000,00";;;;;;
ACH;19/04/2022;DEPENSES OPERATIONS/F0003;ACH04025;;"379 000,00";"250 000,00";;;;;;
BQ4;21/04/2022;REGLEMENT NERBIILL2022469/F008;BQ404027;"25 000,00";;"275 000,00";;;;;;
BQ4;21/04/2022;REGLEMENT NERBIILL2022479/F004;BQ404027;"26 500,00";;"301 500,00";;;;;;
BQ4;21/04/2022;REGLEMENT NERBIILL2022499/F095;BQ404027;"25 000,00";;"326 500,00";;;;;;
BQ4;21/04/2022;REGLEMENT NERBIILL2022477/F89;BQ404027;"10 000,00";;"336 500,00";;;;;;
BQ4;21/04/2022;REGLEMENT NERBIILL2022460/F89;BQ404027;"15 000,00";;"351 500,00";;;;;;
BQ4;29/04/2022;AVANCE SUR REGLEMENT NERBILL20;BQ404041;"260 000,00";;"611 500,00";;;;;;
BQ4;29/04/2022;REGLEMENT NERBILL2022463/F0090;BQ404041;"25 000,00";;"636 500,00";;;;;;
BQ4;29/04/2022;REGLEMENT NERBILL2022509/F0040;BQ404041;"98 000,00";;"734 500,00";;;;;;
BQ4;04/05/2022;REGLEMENT NERBILL2022398/f0079;BQ405001;"119 000,00";;"853 500,00";;;;;;
BQ4;04/05/2022;REGLEMENT NERBILL2022565/F0079;BQ405001;"63 500,00";;"917 000,00";;;;;;
BQ4;04/05/2022;REGLEMENT NERBILL2022566/F0079;BQ405001;"634 032,00";;"1 551 032,00";;;;;;
BQ4;05/05/2022;SOLDE NERBILL2022137/F0040;BQ405010;"2 453 200,00";;"4 004 232,00";;;;;;
ACH;05/05/2022;PASSAGE FRONTIERE/F086;ACH05034;;"488 860,00";"3 515 372,00";;;;;;
Total compte 471118 - AGENT HAMIDOU AMADOU;;;;"6 135 652,00";"2 620 280,00";"3 515 372,00";;;;;;
Compte 471119 - AGENT MOUSSA DJINGO;;;;;;;;;;;;
BQ2;18/03/2022;REGLEMENT FACTURE 243/F0050/DI;BQ203008;"140 000,00";;"140 000,00";;;;;;
BQ2;18/03/2022;REGLMENT CIRCUIT DOS F0057/DIR;BQ203008;"508 800,00";;"648 800,00";;;;;;
BQ4;22/03/2022;REGLEMET CIRCUIT DOS F0018/DIR;BQ403030;"147 443,00";;"796 243,00";;;;;;
BQ4;22/03/2022;REGLEMET CIRCUIT DOS F0045/DIR;BQ403030;"148 555,00";;"944 798,00";;;;;;
BQ4;22/03/2022;REGLEMET CIRCUIT DOS F0046/DIR;BQ403030;"99 500,00";;"1 044 298,00";;;;;;
BQ4;23/03/2022;REGLEMENT FACT 227 /F0050/DIR0;BQ403033;"250 800,00";;"1 295 098,00";;;;;;
BQ4;23/03/2022;REGLEMENT FACT 280/F0057/DIR12;BQ403033;"130 000,00";;"1 425 098,00";;;;;;
BQ4;24/03/2022;DROIT ET TAXES DE DOUANE/F006/;BQ403049;"1 401 863,00";;"2 826 961,00";;;;;;
BQ4;30/03/2022;REGLEMENT NERBILL2022361/F0006;BQ403057;"2 000,00";;"2 828 961,00";;;;;;
BQ4;30/03/2022;REGLEMENT NERBILL2022312/F0045;BQ403057;"25 000,00";;"2 853 961,00";;;;;;
BQ4;30/03/2022;REGLEMENT NERBILL2022351/F0057;BQ403057;"40 000,00";;"2 893 961,00";;;;;;
BQ4;30/03/2022;REGLEMENT NERBILL2022352/F0045;BQ403057;"25 000,00";;"2 918 961,00";;;;;;
BQ4;30/03/2022;REGLEMENT NERBILL2022353/F0018;BQ403057;"160 000,00";;"3 078 961,00";;;;;;
BQ4;30/03/2022;REGLEMENT NERBILL2022354/F0018;BQ403057;"150 000,00";;"3 228 961,00";;;;;;
ACH;04/04/2022;ESCORTE DOUANE/F0045;ACH04016;;"395 498,00";"2 833 463,00";;;;;;
ACH;04/04/2022;DROITS ET TAXES DE DOUANES /F0;ACH04015;;"1 401 863,00";"1 431 600,00";;;;;;
BQ7;04/04/2022;REGLEMENT FACTURE NERBILL/F003;BQ704004;"193 000,00";;"1 624 600,00";;;;;;
BQ7;04/04/2022;REGLEMENT FACTURE NERBILL/F003;BQ704004;"153 998,00";;"1 778 598,00";;;;;;
BQ7;05/04/2022;REGLEMENT FACT 348/F0062;BQ704006;"632 800,00";;"2 411 398,00";;;;;;
BQ7;05/04/2022;REGLEMENT FACT 360/F0006;BQ704006;"35 700,00";;"2 447 098,00";;;;;;
BQ7;05/04/2022;REGLEMENT FACT 389/F062;BQ704006;"15 000,00";;"2 462 098,00";;;;;;
BQ7;05/04/2022;REGLEMENT FACT 390/F0006;BQ704006;"15 000,00";;"2 477 098,00";;;;;;
ACH;06/04/2022;DEPENSES OPERATION/F0057;ACH04018;;"402 000,00";"2 075 098,00";;;;;;
BQ4;06/04/2022;REGLEMENT FACT409/F060;BQ404007;"70 000,00";;"2 145 098,00";;;;;;
BQ4;06/04/2022;REGLEMENT FACT410/F060;BQ404007;"520 000,00";;"2 665 098,00";;;;;;
BQ4;07/04/2022;REGLMENT FACT 407/F0062;BQ404008;"360 000,00";;"3 025 098,00";;;;;;
BQ4;07/04/2022;REGLMENT FACT 362/F0063;BQ404008;"172 500,00";;"3 197 598,00";;;;;;
BQ4;07/04/2022;REGLMENT FACT 403/F0030;BQ404008;"60 000,00";;"3 257 598,00";;;;;;
BQ4;07/04/2022;REGLMENT FACT 406/F063;BQ404008;"223 465,00";;"3 481 063,00";;;;;;
BQ4;07/04/2022;REGLEMENT NERBILL2022377/F0038;BQ404012;"200 000,00";;"3 681 063,00";;;;;;
ACH;07/04/2022;DEPENSES OPERATION/F0057;ACH04019;;"648 800,00";"3 032 263,00";;;;;;
BQ4;08/04/2022;REGLEMENT FACTURE NERBILL20224;BQ404013;"153 272,00";;"3 185 535,00";;;;;;
BQ4;11/04/2022;REGLEMENT FACT NERBILL2022437/;BQ404014;"70 000,00";;"3 255 535,00";;;;;;
BQ4;11/04/2022;REGLEMENT FACT NERBILL2022436/;BQ404014;"520 000,00";;"3 775 535,00";;;;;;
BQ4;11/04/2022;REGLEMENT FACT NERBILL2022278/;BQ404014;"24 500,00";;"3 800 035,00";;;;;;
BQ4;11/04/2022;FRAIS D ENVOI/;BQ404014;"10 635,00";;"3 810 670,00";;;;;;
ACH;11/04/2022;TAXE MAIRIE/F0038/DIR0083;ACH04021;;"346 998,00";"3 463 672,00";;;;;;
BQ7;11/04/2022;REGLMENT NERBILL2022422/F0050;BQ704014;"420 000,00";;"3 883 672,00";;;;;;
BQ4;12/04/2022;REGLEMENT NERBILL2022401/F0025;BQ404015;"50 000,00";;"3 933 672,00";;;;;;
BQ4;12/04/2022;REGLEMENT NERBILL2022400/F0025;BQ404015;"920 655,00";;"4 854 327,00";;;;;;
BQ4;12/04/2022;FRAS D ENVOI/NERBILL2022401/;BQ404015;"1 500,00";;"4 855 827,00";;;;;;
BQ4;12/04/2022;REGLEMENT NERBILL2022440/F60;BQ404016;"780 000,00";;"5 635 827,00";;;;;;
BQ4;12/04/2022;REGLEMENT NERBILL2022441/f60;BQ404016;"105 000,00";;"5 740 827,00";;;;;;
BQ4;12/04/2022;FRAIS D ENVOI/NERBILL2022440/4;BQ404016;"14 500,00";;"5 755 327,00";;;;;;
BQ4;14/04/2022;REGLMENT NERBILL2022052/F0025;BQ404022;"600 000,00";;"6 355 327,00";;;;;;
BQ4;14/04/2022;REGLMENT NERBILL2022465/F060;BQ404021;"650 000,00";;"7 005 327,00";;;;;;
BQ4;14/04/2022;REGLMENT NERBILL2022466/F60;BQ404021;"87 500,00";;"7 092 827,00";;;;;;
BQ4;14/04/2022;FRAIS D ENVOI/NERBILL2022465/4;BQ404021;"12 375,00";;"7 105 202,00";;;;;;
ACH;19/04/2022;ECCOR A DOMICILE/F0063;ACH04022;;"153 272,00";"6 951 930,00";;;;;;
ACH;19/04/2022;ECCOR A DOMICILE/F0025;ACH04023;;"600 000,00";"6 351 930,00";;;;;;
ACH;21/04/2022;DCRVIO/SONILOGA/F062;ACH04028;;"815 965,00";"5 535 965,00";;;;;;
ACH;21/04/2022;DEPENSES OPERATIONS/F0050;ACH04027;;"420 000,00";"5 115 965,00";;;;;;
BQ3;21/04/2022;REGLEMENT NERBIILL2022505/F002;BQ304003;"150 000,00";;"5 265 965,00";;;;;;
BQ3;21/04/2022;REGLEMENT NERBIILL2022335/D007;BQ304003;"25 000,00";;"5 290 965,00";;;;;;
ACH;21/04/2022;PASSAGE FRONTIERE/F0025;ACH04026;;"970 655,00";"4 320 310,00";;;;;;
BQ2;25/04/2022;REGLEMENT NERBILL2022493/F0063;BQ204004;"9 000,00";;"4 329 310,00";;;;;;
BQ2;25/04/2022;REGLEMENT NERBILL2022252/F0052;BQ204004;"155 230,00";;"4 484 540,00";;;;;;
BQ2;25/04/2022;REGLEMENT NERBILL2022492/F0043;BQ204004;"36 000,00";;"4 520 540,00";;;;;;
BQ2;25/04/2022;REGLEMENT NERBILL2022336/F0074;BQ204004;"15 000,00";;"4 535 540,00";;;;;;
BQ2;25/04/2022;REGLEMENT NERBILL2022450/F007;BQ204004;"10 000,00";;"4 545 540,00";;;;;;
ACH;27/04/2022;FRAIS D ENVOI/;ACH04030;;"899 500,00";"3 646 040,00";;;;;;
ACH;27/04/2022;FRAIS D ENVOI/;ACH04029;;"625 135,00";"3 020 905,00";;;;;;
ACH;27/04/2022;ESCORTE MILITAIRE/F60;ACH04031;;"590 000,00";"2 430 905,00";;;;;;
ACH;29/04/2022;FRAIS LTA/D0074;ACH04031;;"175 000,00";"2 255 905,00";;;;;;
BQ4;03/05/2022;REGLEMENT NERBILL2022538/F0084;BQ405002;"129 700,00";;"2 385 605,00";;;;;;
BQ4;03/05/2022;REGLEMENT NERBILL2022507/F0084;BQ405002;"47 500,00";;"2 433 105,00";;;;;;
BQ4;03/05/2022;REGLEMENT NERBILL2022487/F0058;BQ405002;"929 400,00";;"3 362 505,00";;;;;;
BQ4;03/05/2022;REGLEMENT NERBILL2022540/F0099;BQ405002;"40 000,00";;"3 402 505,00";;;;;;
BQ4;03/05/2022;REGLEMENT NERBILL2022517/F0058;BQ405002;"1 080 000,00";;"4 482 505,00";;;;;;
Total compte 471119 - AGENT MOUSSA DJINGO;;;;"12 927 191,00";"8 444 686,00";"4 482 505,00";;;;;;
Compte 471120 - AGENT MAMOUDOU COMBASSET;;;;;;;;;;;;
BQ3;02/03/2022;REGLEMENT FACTURE N°NERBILL202;BQ303003;"186 000,00";;"186 000,00";;;;;;
BQ3;02/03/2022;REGLEMENT FACTURE N°NERBILL202;BQ303003;"22 500,00";;"208 500,00";;;;;;
BQ3;02/03/2022;REGLEMENT FACTURE N°NERBILL202;BQ303003;"1 054 961,00";;"1 263 461,00";;;;;;
BQ3;02/03/2022;REGLEMENT FACTURE N°NERBILL202;BQ303004;"160 951,00";;"1 424 412,00";;;;;;
BQ3;02/03/2022;REGLEMENT FACTURE N°NERBILL202;BQ303004;"50 000,00";;"1 474 412,00";;;;;;
BQ3;02/03/2022;REGLEMENT FACTURE N°NERBILL202;BQ303004;"130 900,00";;"1 605 312,00";;;;;;
BQ3;02/03/2022;REGLEMENT BON DE COMMANDE P000;BQ303004;"25 000,00";;"1 630 312,00";;;;;;
BQ3;02/03/2022;REGLEMENT BON DE COMMANDE P000;BQ303004;"30 000,00";;"1 660 312,00";;;;;;
BQ3;02/03/2022;REGLEMENT BON DE COMMANDE P000;BQ303004;"15 000,00";;"1 675 312,00";;;;;;
BQ3;02/03/2022;REGLEMENT FACTURE N°NERBILL202;BQ303004;"15 000,00";;"1 690 312,00";;;;;;
ACH;17/03/2022;TEL/F0012/DIR0033;ACH03003;;"15 000,00";"1 675 312,00";;;;;;
ACH;17/03/2022;TEL/F0008/DIR0028;ACH03003;;"15 000,00";"1 660 312,00";;;;;;
ACH;17/03/2022;FRAIS LTA/F0034/DIR0072;ACH03003;;"130 900,00";"1 529 412,00";;;;;;
ACH;17/03/2022;REMISE DOCUMENTAIRE/F0012/DIR0;ACH03003;;"25 000,00";"1 504 412,00";;;;;;
ACH;17/03/2022;MANUTENTION/F0013/DIR0030;ACH03003;;"30 000,00";"1 474 412,00";;;;;;
ACH;17/03/2022;MODIFICATION T1/F0011/DIR0029;ACH03003;;"25 000,00";"1 449 412,00";;;;;;
ACH;17/03/2022;TRAVAIL EXTRA LEGAL/F0011/DIR0;ACH03003;;"50 000,00";"1 399 412,00";;;;;;
ACH;17/03/2022;MANUTENTION/F0011/DIR0029;ACH03003;;"30 000,00";"1 369 412,00";;;;;;
ACH;17/03/2022;PASSAGE MAGASIN SOUS DOUANE/F0;ACH03003;;"43 951,00";"1 325 461,00";;;;;;
ACH;17/03/2022;TAXES MAIRIE/F0011/DIR0029;ACH03003;;"12 000,00";"1 313 461,00";;;;;;
ACH;17/03/2022;MANUTENTION/F0037/DIR0076;ACH03003;;"50 000,00";"1 263 461,00";;;;;;
ACH;18/03/2022;TEL/F0033/DIR0066;ACH03006;;"75 000,00";"1 188 461,00";;;;;;
ACH;18/03/2022;ESCORTE DOUANE/F0033/DIR0066;ACH03006;;"75 000,00";"1 113 461,00";;;;;;
ACH;18/03/2022;TAXES MAIRIE/F0033/DIR0066;ACH03006;;"36 000,00";"1 077 461,00";;;;;;
ACH;18/03/2022;TAXES MAIRIE/F0033/DIR0066;ACH03006;;"36 000,00";"1 041 461,00";;;;;;
ACH;18/03/2022;DDU/F0033/DIR0066;ACH03006;;"15 000,00";"1 026 461,00";;;;;;
ACH;18/03/2022;CHEMISE CARTONEE/F0033/DIR0066;ACH03006;;"7 500,00";"1 018 961,00";;;;;;
ACH;18/03/2022;NIGER TERMINAL/F0033/DIR85;ACH03006;;"1 054 961,00";;"36 000,00";;;;;
Total compte 471120 - AGENT MAMOUDOU COMBASSET;;;;"1 690 312,00";"1 726 312,00";;"36 000,00";;;;;
Compte 471121 - AGENT ABDOURAZAK ZAKARI;;;;;;;;;;;;
BQ3;11/02/2022;REGLEMENT FORMALITES DOUANIERE;BQ302006;"157 000,00";;"157 000,00";;;;;;
BQ3;11/02/2022;REGLEMENT FORMALITES DOUANIERE;BQ302006;"100 000,00";;"257 000,00";;;;;;
BQ3;11/02/2022;REGLEMENT FORMALITES DOUANIERE;BQ302006;"50 000,00";;"307 000,00";;;;;;
BQ3;11/02/2022;REGLEMENT FORMALITES DOUANIERE;BQ302006;"150 000,00";;"457 000,00";;;;;;
BQ3;11/02/2022;REGLEMENT FORMALITES DOUANIERE;BQ302006;"30 000,00";;"487 000,00";;;;;;
BQ3;11/02/2022;REGLEMENT FORMALITES DOUANIERE;BQ302006;"39 100,00";;"526 100,00";;;;;;
BQ3;11/02/2022;REGLEMENT FORMALITES DOUANIERE;BQ302006;"10 000,00";;"536 100,00";;;;;;
BQ3;15/02/2022;REGLEMENT FORMALITES DOUANIERE;BQ302015;"9 000,00";;"545 100,00";;;;;;
BQ3;15/02/2022;REGLEMENT FORMALITES DOUANIERE;BQ302015;"18 000,00";;"563 100,00";;;;;;
BQ3;15/02/2022;REGLEMENT FORMALITES DOUANIERE;BQ302015;"6 325,00";;"569 425,00";;;;;;
BQ3;15/02/2022;REGLEMENT FORMALITES DOUANIERE;BQ302015;"6 325,00";;"575 750,00";;;;;;
BQ3;15/02/2022;REGLEMENT FORMALITES DOUANIERE;BQ302015;"12 650,00";;"588 400,00";;;;;;
BQ3;15/02/2022;REGLEMENT FORMALITES DOUANIERE;BQ302015;"18 975,00";;"607 375,00";;;;;;
BQ3;15/02/2022;REGLEMENT FORMALITES DOUANIERE;BQ302015;"6 325,00";;"613 700,00";;;;;;
BQ3;21/02/2022;REGLEMENT BON DE COMMANDE NBC1;BQ302020;"406 758,00";;"1 020 458,00";;;;;;
BQ3;21/02/2022;REGLEMENT BON DE COMMANDE P000;BQ302020;"72 100,00";;"1 092 558,00";;;;;;
BQ3;21/02/2022;REGLEMENT BON DE COMMANDE P000;BQ302020;"119 300,00";;"1 211 858,00";;;;;;
BQ3;21/02/2022;REGLEMENT BON DE COMMANDE P000;BQ302020;"25 000,00";;"1 236 858,00";;;;;;
ACH;24/02/2022;TIMBRES/RI0830;ACH02001;;"7 500,00";"1 229 358,00";;;;;;
ACH;24/02/2022;IMPRIMES/RI0830;ACH02001;;"1 500,00";"1 227 858,00";;;;;;
ACH;24/02/2022;ESCORTE DOUANE GAYA/RI0767;ACH02001;;"6 325,00";"1 221 533,00";;;;;;
ACH;24/02/2022;ESCORTE DOUANE GAYA/RI0796;ACH02001;;"18 975,00";"1 202 558,00";;;;;;
ACH;24/02/2022;ESCORTE DOUANE GAYA/RI0790;ACH02001;;"12 650,00";"1 189 908,00";;;;;;
ACH;24/02/2022;ESCORTE DOUANE GAYA/RI0814;ACH02001;;"6 325,00";"1 183 583,00";;;;;;
ACH;24/02/2022;ESCORTE DOUANE GAYA/RI0795;ACH02001;;"6 325,00";"1 177 258,00";;;;;;
ACH;24/02/2022;TIMBRES/RI0828;ACH02001;;"15 000,00";"1 162 258,00";;;;;;
ACH;24/02/2022;IMPRIMES/RI0828;ACH02001;;"3 000,00";"1 159 258,00";;;;;;
BQ5;24/02/2022;REGLEMENT BON DE COMMANDE 1279;BQ503005;"100 000,00";;"1 259 258,00";;;;;;
BQ5;24/02/2022;REGLEMENT BON DE COMMANDE 1359;BQ503005;"50 000,00";;"1 309 258,00";;;;;;
BQ5;24/02/2022;REGLEMENT BON DE COMMANDE 1525;BQ503005;"90 000,00";;"1 399 258,00";;;;;;
BQ3;02/03/2022;REGLEMENT FACTURE N°NERBILL202;BQ303002;"147 311,00";;"1 546 569,00";;;;;;
BQ5;03/03/2022;REGLEMNT BC P00030/F0017-DIR40;BQ503008;"70 000,00";;"1 616 569,00";;;;;;
BQ5;03/03/2022;REGLEMENT BC P00013/F0027/DIR0;BQ503008;"10 000,00";;"1 626 569,00";;;;;;
BQ5;03/03/2022;REGLEMENT BC P00013/F0026-DIR0;BQ503008;"10 000,00";;"1 636 569,00";;;;;;
BQ4;08/03/2022;REGLEMENT NERBILL2022077 F0010;BQ403003;"153 000,00";;"1 789 569,00";;;;;;
BQ4;08/03/2022;REGELEMENT NERBILL2022172 /F00;BQ403003;"168 931,00";;"1 958 500,00";;;;;;
BQ4;08/03/2022;REGLEMENT NERBILL2022148/F0043;BQ403003;"698 000,00";;"2 656 500,00";;;;;;
BQ4;08/03/2022;REGLEMENT NERBILL2022169/F0014;BQ403003;"140 000,00";;"2 796 500,00";;;;;;
ACH;08/03/2022;MANUTENTION/F0043/DIR0098;ACH03009;;"1 191 992,00";"1 604 508,00";;;;;;
ACH;11/03/2022;/RI0808/RI0810/RI0793/RI0794/R;ACH03002;;"536 100,00";"1 068 408,00";;;;;;
ACH;17/03/2022;PASSAGE MAGASIN SOUS DOUANE/F0;ACH03005;;"30 311,00";"1 038 097,00";;;;;;
ACH;17/03/2022;MANUTENTION/F0014/DIR0031;ACH03005;;"30 000,00";"1 008 097,00";;;;;;
ACH;17/03/2022;MODIFICATION T1/F0014/DIR0031;ACH03005;;"25 000,00";"983 097,00";;;;;;
ACH;17/03/2022;VACATION DOUANE/RI0800;ACH03004;;"50 000,00";"933 097,00";;;;;;
ACH;17/03/2022;FRAIS MANŒUVRE/RI0810;ACH03004;;"90 000,00";"843 097,00";;;;;;
ACH;17/03/2022;VACATION DOUANE/RI0791;ACH03004;;"100 000,00";"743 097,00";;;;;;
ACH;17/03/2022;TEL/F0014/DIR0031;ACH03005;;"50 000,00";"693 097,00";;;;;;
ACH;17/03/2022;TAXES MAIRIE/F0014/DIR0031;ACH03005;;"12 000,00";"681 097,00";;;;;;
BQ4;22/03/2022;RELIQUAT SUR PAIEMENT NERBILL2;BQ403052;"15 530,00";;"696 627,00";;;;;;
ACH;24/03/2022;TRAVAIL EXTRA LEGAL/F0013;ACH03012;;"623 158,00";"73 469,00";;;;;;
CAI;28/03/2022;RELIQUAT MAGASINAGE DOS COOPI/;CAI03244;;"15 530,00";"57 939,00";;;;;;
BQ5;04/04/2022;PASSAGE FRONTIERE/F0060/DIR013;BQ504001;"190 000,00";;"247 939,00";;;;;;
BQ5;04/04/2022;PASSAGE FRONTIERE/F0038/DIR014;BQ504001;"10 000,00";;"257 939,00";;;;;;
BQ5;04/04/2022;PASSAGE FRONTIERE/F0070/DIR142;BQ504001;"10 000,00";;"267 939,00";;;;;;
BQ5;04/04/2022;PASSAGE FRONTIERE/F0030/DIR006;BQ504001;"30 000,00";;"297 939,00";;;;;;
BQ5;04/04/2022;PASSAGE FRONTIERE/F0038/DIR014;BQ504001;"25 000,00";;"322 939,00";;;;;;
BQ4;07/04/2022;REGLEMENT FACT NERBILL2022418/;BQ404010;"140 000,00";;"462 939,00";;;;;;
BQ4;07/04/2022;REGLEMENT FACTURE NERBILL20220;BQ404010;"10 000,00";;"472 939,00";;;;;;
BQ4;07/04/2022;REGLEMENTFACTURE NERBILL202208;BQ404010;"10 000,00";;"482 939,00";;;;;;
BQ4;07/04/2022;REGLEMENT FACTURE NERBILL20220;BQ404010;"10 000,00";;"492 939,00";;;;;;
BQ4;07/04/2022;REGLEMENT FACTURE NERBILL20220;BQ404010;"30 000,00";;"522 939,00";;;;;;
BQ4;07/04/2022;REGLEMENT FACTURE NERBILL20224;BQ404010;"10 000,00";;"532 939,00";;;;;;
BQ4;07/04/2022;REGLEMENT FACTURE NERBILL20224;BQ404010;"5 838,00";;"538 777,00";;;;;;
BQ4;07/04/2022;REGLEMENT FACTURE NERBILL20224;BQ404010;"11 676,00";;"550 453,00";;;;;;
BQ4;07/04/2022;REGLEMENT FACTURE NERBILL20224;BQ404010;"5 834,00";;"556 287,00";;;;;;
BQ4;07/04/2022;REGLEMENT FACTURE NERBILL20220;BQ404010;"40 866,00";;"597 153,00";;;;;;
BQ4;07/04/2022;REGLEMENT FACTURE NERBILL20224;BQ404010;"5 838,00";;"602 991,00";;;;;;
BQ4;07/04/2022;REGLEMENT FACTURE NERBILL20223;BQ404010;"17 514,00";;"620 505,00";;;;;;
BQ4;07/04/2022;REGLEMENT FACTURE NERBILL20223;BQ404010;"5 838,00";;"626 343,00";;;;;;
BQ4;07/04/2022;REGLEMENT FACTURE NERBILL20222;BQ404010;"5 060,00";;"631 403,00";;;;;;
BQ4;07/04/2022;REGLEMENT FACTURTE NERBILL2022;BQ404010;"17 514,00";;"648 917,00";;;;;;
BQ4;07/04/2022;REGLEMENT FACTURE NERBILL20223;BQ404010;"6 620,00";;"655 537,00";;;;;;
BQ4;07/04/2022;REGLEMENT FACTURE NERBILL20223;BQ404010;"5 850,00";;"661 387,00";;;;;;
BQ4;07/04/2022;REGLEMENT FACTURE NERBILL20223;BQ404010;"5 838,00";;"667 225,00";;;;;;
BQ4;07/04/2022;REGLEMENT FACTURE NERBILL20223;BQ404010;"17 514,00";;"684 739,00";;;;;;
BQ4;07/04/2022;REGLEMENT FACTURE NERBILLL2022;BQ404010;"75 000,00";;"759 739,00";;;;;;
Total compte 471121 - AGENT ABDOURAZAK ZAKARI;;;;"3 591 430,00";"2 831 691,00";"759 739,00";;;;;;
Compte 471122 - AGENT HALIDOU KODO;;;;;;;;;;;;
ACH;10/03/2022;ESCORTE DOUANE/F0037/DIR0076;ACH03008;;"117 600,00";;"117 600,00";;;;;
BQ5;10/03/2022;REGLEMENT CIRCUIT DOS F0027/DI;BQ503017;"6 325,00";;;"111 275,00";;;;;
BQ5;10/03/2022;REGLEMENT DOS F0026/DIR0056/F0;BQ503017;"6 325,00";;;"104 950,00";;;;;
BQ5;10/03/2022;REGLEMENT DOS F0015/DIR0032/F0;BQ503017;"12 650,00";;;"92 300,00";;;;;
BQ5;10/03/2022;REGLEMENT DOS F0049/DIR0110/F0;BQ503017;"12 650,00";;;"79 650,00";;;;;
BQ5;10/03/2022;REGLEMENT DOS F0048/DIR0109/F0;BQ503017;"67 000,00";;;"12 650,00";;;;;
BQ5;10/03/2022;REGLEMENT DOS F0037/DIR0076/F0;BQ503017;"12 620,00";;;"30,00";;;;;
BQ5;17/03/2022;PASSAGE FRONTIERE/F0050/DIR011;BQ503027;"20 000,00";;"19 970,00";;;;;;
BQ5;17/03/2022;PASSAGE FRONTIERE/F0002/DIR000;BQ503027;"30 000,00";;"49 970,00";;;;;;
BQ5;17/03/2022;PASSAGE FRONTIERE/F0018/DIR003;BQ503027;"10 000,00";;"59 970,00";;;;;;
BQ5;17/03/2022;PASSAGE FRONTIERE/F0020/DIR004;BQ503027;"10 000,00";;"69 970,00";;;;;;
BQ5;17/03/2022;PASSAGE FRONTIERE/F0056/DIR011;BQ503027;"10 000,00";;"79 970,00";;;;;;
BQ5;17/03/2022;PASSAGE FRONTIERE/F0055/DIR011;BQ503027;"10 000,00";;"89 970,00";;;;;;
BQ5;17/03/2022;PASSAGE FRONTIERE/F0007/DIR005;BQ503027;"10 000,00";;"99 970,00";;;;;;
BQ5;17/03/2022;PASSAGE FRONTIERE/F0036/DIR008;BQ503027;"10 000,00";;"109 970,00";;;;;;
ACH;22/03/2022;PASSAGE FRONTIERE/F0026/DIR005;ACH03007;;"90 000,00";"19 970,00";;;;;;
AC;07/04/2022;PASSAGE FORNTIERE/F0050/DIR012;ACH04020;;"20 000,00";;"30,00";;;;;
AC;07/04/2022;PASSAGE FRONTIERE DU 07/04/202;ASCO04001;;"90 000,00";;"90 030,00";;;;;
BQ3;21/04/2022;REGLEMENT NERBIILL2022491/F005;BQ304002;"60 000,00";;;"30 030,00";;;;;
BQ3;21/04/2022;REGLEMENT NERBIILL2022133/F40;BQ304002;"80 000,00";;"49 970,00";;;;;;
ACH;05/05/2022;PASSAGE FRONTIERE/F0040;ACH05033;;"140 000,00";;"90 030,00";;;;;
Total compte 471122 - AGENT HALIDOU KODO;;;;"367 570,00";"457 600,00";;"90 030,00";;;;;
Compte 471210 - DEBITEURS DIVERS MARI BAL;;;;;;;;;;;;
RAN;01/01/2022;A NOUVEAUX;AN01001;"14 907 195,00";;"14 907 195,00";;;;;;
Total compte 471210 - DEBITEURS DIVERS MARI BAL;;;;"14 907 195,00";;"14 907 195,00";;;;;;
Compte 471999 - DEBOURS FACTURES;;;;;;;;;;;;
RAN;01/01/2022;A NOUVEAUX;AN01001;;"281 914 475,51";;"281 914 475,51";;;;;
VTE;05/01/2022;TOTAL NIGER - Facture annulée;A2210001;"144 000,00";;;"281 770 475,51";04/02/2022;;;;A471109
VTE;05/01/2022;TOTAL NIGER - AI0496/TOTAL/071;F2210001;;"144 000,00";;"281 914 475,51";07/02/2022;;;;A471109
VTE;06/01/2022;CAT BENIN - RI0767/CAT BENIN/H;F2210002;;"33 050,00";;"281 947 525,51";05/02/2022;;;;A471109
VTE;06/01/2022;CAT BENIN - RI0783/CAT BENIN/C;F2210003;;"16 525,00";;"281 964 050,51";08/02/2022;;;;A471109
VTE;06/01/2022;UNITRAF - RI0767/UNITRAF/HLCUC;F2210004;;"53 530,00";;"282 017 580,51";08/02/2022;;;;A471109
VTE;06/01/2022;UNITRAF - RI0783/UNITRAF/COP02;F2210005;;"26 775,00";;"282 044 355,51";05/02/2022;;;;A471109
VTE;06/01/2022;LABOREX NIGER - RI0798/LABOREX;F2210006;;"145 916,00";;"282 190 271,51";05/02/2022;;;;A471109
VTE;10/01/2022;UNICEF - RE0026/UNICEF/REFRIGI;F2210007;;"50 000,00";;"282 240 271,51";12/02/2022;;;;
VTE;10/01/2022;UNICEF - RE0026/UNICEF/REFRIGI;F2210007;;"370 000,00";;"282 610 271,51";12/02/2022;;;;A471109
VTE;10/01/2022;DSV A/S HEDEHUSENE - AI0499/D;F2210008;;"205 500,00";;"282 815 771,51";09/02/2022;;;;A471109
VTE;10/01/2022;LABOREX NIGER - RI0799/LABOREX;F2210015;;"30 000,00";;"282 845 771,51";09/02/2022;;;;A471108
VTE;10/01/2022;LABOREX NIGER - RI0799/LABOREX;F2210015;;"120 510,00";;"282 966 281,51";09/02/2022;;;;A471109
VTE;11/01/2022;CAT BENIN - RI0679/CATBENIN/CO;F2210016;;"33 050,00";;"282 999 331,51";13/02/2022;;;;A471109
VTE;11/01/2022;UNICEF - RI679/UNICEF/COP02137;F2210017;;"94 000,00";;"283 093 331,51";13/02/2022;;;;A471109
VTE;11/01/2022;DSV AIR &amp SEA A/S  ODENSE - AI;F2210009;;"139 000,00";;"283 232 331,51";13/02/2022;;;;A471109
VTE;11/01/2022;CAT BENIN - RI0795/CATBENIN/MA;F2210010;;"16 525,00";;"283 248 856,51";13/02/2022;;;;A471109
VTE;11/01/2022;UNITRAF - RI0795/UNITRAF/MAEU2;F2210011;;"131 775,00";;"283 380 631,51";10/02/2022;;;;A471109
VTE;12/01/2022;CAT TEMA P/C - RI0801/CATTEMA/;F2210012;;"790 110,00";;"284 170 741,51";31/01/2022;;;;A471109
VTE;12/01/2022;LABOREX NIGER - AI0520/LABOREX;F2210014;;"172 500,00";;"284 343 241,51";11/02/2022;;;;A471109
VTE;12/01/2022;UNICEF - RI0679/UNICEF/COP0213;F2210018;;"70 000,00";;"284 413 241,51";11/02/2022;;;;A471109
VTE;12/01/2022;UNICEF - RI0679/UNICEF/COP0213;F2210019;;"1 669 008,00";;"286 082 249,51";11/02/2022;;;;A471109
VTE;13/01/2022;WEBB FONTAINE NIGER - AI0514/W;F2210013;;"185 500,00";;"286 267 749,51";31/01/2022;;;;A471109
VTE;13/01/2022;KUEHNE + NAGEL A/S - AI0509/K;F2210021;;"15 000,00";;"286 282 749,51";10/02/2022;;;;A471104
VTE;13/01/2022;KUEHNE + NAGEL A/S - AI0509/K;F2210021;;"30 000,00";;"286 312 749,51";10/02/2022;;;;A471107
VTE;13/01/2022;KUEHNE + NAGEL A/S - AI0509/K;F2210021;;"152 000,00";;"286 464 749,51";10/02/2022;;;;A471109
VTE;14/01/2022;TOTAL NIGER - AI0508/TOTAL/071;F2210020;;"10 000,00";;"286 474 749,51";16/02/2022;;;;A471104
VTE;14/01/2022;TOTAL NIGER - AI0508/TOTAL/071;F2210020;;"15 000,00";;"286 489 749,51";16/02/2022;;;;A471107
VTE;14/01/2022;TOTAL NIGER - AI0508/TOTAL/071;F2210020;;"58 798,00";;"286 548 547,51";16/02/2022;;;;A471109
VTE;14/01/2022;TOTAL NIGER - AI0508/TOTAL/071;F2210020;;"154 000,00";;"286 702 547,51";16/02/2022;;;;A471109
VTE;19/01/2022;CAT BENIN - RI0790/DDP/CAT BEN;F2210022;;"748 958,00";;"287 451 505,51";21/02/2022;;;;A471109
VTE;19/01/2022;CAT BENIN - RI0796/DDP/CAT BEN;F2210023;;"1 017 558,00";;"288 469 063,51";21/02/2022;;;;A471109
VTE;19/01/2022;LABOREX NIGER - RI0799/LABOREX;F2210024;;"274 580,00";;"288 743 643,51";18/02/2022;;;;A471109
VTE;19/01/2022;LABOREX NIGER - RI0792/LABOREX;F2210025;;"2 500,00";;"288 746 143,51";21/02/2022;;;;
VTE;19/01/2022;LABOREX NIGER - RI0792/LABOREX;F2210025;;"12 000,00";;"288 758 143,51";21/02/2022;;;;A471103
VTE;19/01/2022;LABOREX NIGER - RI0792/LABOREX;F2210025;;"36 000,00";;"288 794 143,51";21/02/2022;;;;A471104
VTE;19/01/2022;LABOREX NIGER - RI0792/LABOREX;F2210025;;"153 904,00";;"288 948 047,51";21/02/2022;;;;A471109
VTE;19/01/2022;TOTAL NIGER - RI0807/TOTAL/1LO;F2210026;;"37 000,00";;"288 985 047,51";21/02/2022;;;;A471103
VTE;19/01/2022;TOTAL NIGER - RI0807/TOTAL/1LO;F2210026;;"160 000,00";;"289 145 047,51";21/02/2022;;;;A471104
VTE;19/01/2022;TOTAL NIGER - RI0807/TOTAL/1LO;F2210026;;"213 090,00";;"289 358 137,51";21/02/2022;;;;A471109
VTE;19/01/2022;TOTAL NIGER - RI0807/TOTAL/1LO;F2210026;;"22 656,00";;"289 380 793,51";21/02/2022;;;;A471110
VTE;19/01/2022;TOTAL NIGER - RI0805/TOTAL/LHV;F2210027;;"82 622,00";;"289 463 415,51";18/02/2022;;;;
VTE;19/01/2022;TOTAL NIGER - RI0805/TOTAL/LHV;F2210027;;"24 000,00";;"289 487 415,51";18/02/2022;;;;A471103
VTE;19/01/2022;TOTAL NIGER - RI0805/TOTAL/LHV;F2210027;;"120 000,00";;"289 607 415,51";18/02/2022;;;;A471104
VTE;19/01/2022;TOTAL NIGER - RI0805/TOTAL/LHV;F2210027;;"857 980,00";;"290 465 395,51";18/02/2022;;;;A471109
VTE;20/01/2022;LABOREX NIGER - RI0766/LABOREX;F2210028;;"274 302,00";;"290 739 697,51";22/02/2022;;;;A471109
VTE;20/01/2022;LABOREX NIGER - RI0770/LABOREX;F2210029;;"274 294,00";;"291 013 991,51";19/02/2022;;;;A471109
VTE;20/01/2022;LABOREX NIGER - RI0751/LABOREX;F2210030;;"274 156,00";;"291 288 147,51";19/02/2022;;;;A471109
VTE;20/01/2022;LABOREX NIGER - RI0777/LABOREX;F2210031;;"274 207,00";;"291 562 354,51";19/02/2022;;;;A471109
VTE;20/01/2022;LABOREX NIGER - RI0787/LABOREX;F2210032;;"274 611,00";;"291 836 965,51";19/02/2022;;;;A471109
VTE;20/01/2022;LABOREX NIGER - RI0788/LABOREX;F2210033;;"274 611,00";;"292 111 576,51";19/02/2022;;;;A471109
VTE;21/01/2022;CAT BENIN - RI0790/DDP/CAT BEN;F2210034;;"50 600,00";;"292 162 176,51";20/02/2022;;;;A471103
VTE;21/01/2022;CAT BENIN - RI0790/DDP/CAT BEN;F2210034;;"33 050,00";;"292 195 226,51";20/02/2022;;;;A471109
VTE;21/01/2022;CAT BENIN - RI0796/DDP/CAT BEN;F2210035;;"75 900,00";;"292 271 126,51";20/02/2022;;;;A471103
VTE;21/01/2022;CAT BENIN - RI0796/DDP/CAT BEN;F2210035;;"49 575,00";;"292 320 701,51";20/02/2022;;;;A471109
VTE;24/01/2022;LABOREX NIGER - RI0806/LABOREX;F2210040;;"2 500,00";;"292 323 201,51";23/02/2022;;;;
VTE;24/01/2022;LABOREX NIGER - RI0806/LABOREX;F2210040;;"25 000,00";;"292 348 201,51";23/02/2022;;;;
VTE;24/01/2022;LABOREX NIGER - RI0806/LABOREX;F2210040;;"12 000,00";;"292 360 201,51";23/02/2022;;;;A471103
VTE;24/01/2022;LABOREX NIGER - RI0806/LABOREX;F2210040;;"36 000,00";;"292 396 201,51";23/02/2022;;;;A471104
VTE;24/01/2022;LABOREX NIGER - RI0806/LABOREX;F2210040;;"128 532,00";;"292 524 733,51";23/02/2022;;;;A471109
VTE;25/01/2022;LABOREX NIGER - RI0806/LABOREX;F2210041;;"274 207,00";;"292 798 940,51";27/02/2022;;;;A471109
VTE;25/01/2022;LABOREX NIGER - RI0803/LABOREX;F2210042;;"2 500,00";;"292 801 440,51";27/02/2022;;;;
VTE;25/01/2022;LABOREX NIGER - RI0803/LABOREX;F2210042;;"12 000,00";;"292 813 440,51";27/02/2022;;;;A471103
VTE;25/01/2022;LABOREX NIGER - RI0803/LABOREX;F2210042;;"36 000,00";;"292 849 440,51";27/02/2022;;;;A471104
VTE;25/01/2022;LABOREX NIGER - RI0803/LABOREX;F2210042;;"150 020,00";;"292 999 460,51";27/02/2022;;;;A471109
VTE;25/01/2022;LABOREX NIGER - RI0803/LABOREX;F2210043;;"267 282,00";;"293 266 742,51";25/02/2022;;;;A471109
VTE;25/01/2022;FAO - RI0814/FAO/HLCUCPH211014;F2210036;;"26 775,00";;"293 293 517,51";24/02/2022;;;;A471109
VTE;25/01/2022;TOTAL NIGER - AI0513/TOTAL/057;F2210037;;"1 992,00";;"293 295 509,51";27/02/2022;;;;
VTE;25/01/2022;TOTAL NIGER - AI0513/TOTAL/057;F2210037;;"55 873,00";;"293 351 382,51";27/02/2022;;;;A471104
VTE;25/01/2022;TOTAL NIGER - AI0513/TOTAL/057;F2210037;;"5 000,00";;"293 356 382,51";27/02/2022;;;;A471107
VTE;25/01/2022;TOTAL NIGER - AI0513/TOTAL/057;F2210037;;"168 280,00";;"293 524 662,51";27/02/2022;;;;A471109
VTE;25/01/2022;LABOREX NIGER - AI0526/LABOREX;F2210038;;"2 500,00";;"293 527 162,51";27/02/2022;;;;
VTE;25/01/2022;LABOREX NIGER - AI0526/LABOREX;F2210038;;"64 740,00";;"293 591 902,51";27/02/2022;;;;A471104
VTE;25/01/2022;LABOREX NIGER - AI0526/LABOREX;F2210038;;"20 000,00";;"293 611 902,51";27/02/2022;;;;A471107
VTE;25/01/2022;LABOREX NIGER - AI0526/LABOREX;F2210038;;"158 280,00";;"293 770 182,51";27/02/2022;;;;A471109
VTE;25/01/2022;UNICEF - RI0790/UNICEF/MEDURI5;F2210039;;"200 000,00";;"293 970 182,51";24/02/2022;;;;A471104
VTE;25/01/2022;UNICEF - RI0790/UNICEF/MEDURI5;F2210039;;"200 000,00";;"294 170 182,51";24/02/2022;;;;A471107
VTE;25/01/2022;DSV AIR &amp SEA A/S  ODENSE - AI;F2210045;;"10 000,00";;"294 180 182,51";24/02/2022;;;;A471104
VTE;25/01/2022;DSV AIR &amp SEA A/S  ODENSE - AI;F2210045;;"15 000,00";;"294 195 182,51";24/02/2022;;;;A471107
VTE;25/01/2022;DSV AIR &amp SEA A/S  ODENSE - AI;F2210045;;"139 000,00";;"294 334 182,51";24/02/2022;;;;A471109
VTE;27/01/2022;ENTC - AI0516/ENTC/071-4307123;F2210046;;"26 775,00";;"294 360 957,51";26/02/2022;;;;A471109
VTE;27/01/2022;ENTC - AI0522/519-50390200/ODE;F2210047;;"26 775,00";;"294 387 732,51";26/02/2022;;;;A471109
VTE;27/01/2022;SKYTRANS NIGER - AI0530/SKYTRA;F2210044;;"26 775,00";;"294 414 507,51";27/02/2022;;;;A471109
VTE;31/01/2022;CAT TEMA P/C - RI0250/CATTEMA/;F2210048;;"2 500,00";;"294 417 007,51";28/02/2022;;;;A471102
VTE;31/01/2022;CAT TEMA P/C - RI0250/CATTEMA/;F2210048;;"107 000,00";;"294 524 007,51";28/02/2022;;;;A471103
VTE;31/01/2022;CAT TEMA P/C - RI0250/CATTEMA/;F2210048;;"109 500,00";;"294 633 507,51";28/02/2022;;;;A471109
VTE;31/01/2022;BCEAO - AI0451/LABOREX/29 6056;F2210049;;"60 884,00";;"294 694 391,51";02/03/2022;;;;A471103
VTE;31/01/2022;LABOREX NIGER - Annulation F22;A2210002;"2 500,00";;;"294 691 891,51";02/03/2022;;;;
VTE;31/01/2022;LABOREX NIGER - Annulation F22;A2210002;"64 740,00";;;"294 627 151,51";02/03/2022;;;;A471104
VTE;31/01/2022;LABOREX NIGER - Annulation F22;A2210002;"20 000,00";;;"294 607 151,51";02/03/2022;;;;A471107
VTE;31/01/2022;LABOREX NIGER - Annulation F22;A2210002;"158 280,00";;;"294 448 871,51";02/03/2022;;;;A471109
VTE;31/01/2022;BCEAO - AI0452/BCEAO/26-6502 7;F2210050;;"68 910,00";;"294 517 781,51";02/03/2022;;;;A471103
VTE;31/01/2022;BCEAO - AI0451/LABOREX/29 6056;A2210003;"60 884,00";;;"294 456 897,51";02/03/2022;;;;A471103
VTE;31/01/2022;BCEAO - AI0451/BCEAO/29 6056 8;F2210051;;"60 884,00";;"294 517 781,51";02/03/2022;;;;A471103
VTE;31/01/2022;LABOREX NIGER - AI0526/LABOREX;F2210052;;"2 500,00";;"294 520 281,51";02/03/2022;;;;
VTE;31/01/2022;LABOREX NIGER - AI0526/LABOREX;F2210052;;"64 740,00";;"294 585 021,51";02/03/2022;;;;A471104
VTE;31/01/2022;LABOREX NIGER - AI0526/LABOREX;F2210052;;"20 000,00";;"294 605 021,51";02/03/2022;;;;A471107
VTE;31/01/2022;LABOREX NIGER - AI0526/LABOREX;F2210052;;"170 180,00";;"294 775 201,51";02/03/2022;;;;A471109
VTE;31/01/2022;LABOREX NIGER - AI0525/LABOREX;F2210053;;"2 500,00";;"294 777 701,51";02/03/2022;;;;
VTE;31/01/2022;LABOREX NIGER - AI0525/LABOREX;F2210053;;"25 000,00";;"294 802 701,51";02/03/2022;;;;
VTE;31/01/2022;LABOREX NIGER - AI0525/LABOREX;F2210053;;"10 000,00";;"294 812 701,51";02/03/2022;;;;A471104
VTE;31/01/2022;LABOREX NIGER - AI0525/LABOREX;F2210053;;"20 000,00";;"294 832 701,51";02/03/2022;;;;A471107
VTE;31/01/2022;LABOREX NIGER - AI0525/LABOREX;F2210053;;"148 170,00";;"294 980 871,51";02/03/2022;;;;A471109
VTE;31/01/2022;LABOREX NIGER - AI0524/LABOREX;F2210054;;"2 500,00";;"294 983 371,51";02/03/2022;;;;
VTE;31/01/2022;LABOREX NIGER - AI0524/LABOREX;F2210054;;"25 000,00";;"295 008 371,51";02/03/2022;;;;
VTE;31/01/2022;LABOREX NIGER - AI0524/LABOREX;F2210054;;"10 000,00";;"295 018 371,51";02/03/2022;;;;A471104
VTE;31/01/2022;LABOREX NIGER - AI0524/LABOREX;F2210054;;"20 000,00";;"295 038 371,51";02/03/2022;;;;A471107
VTE;31/01/2022;LABOREX NIGER - AI0524/LABOREX;F2210054;;"146 300,00";;"295 184 671,51";02/03/2022;;;;A471109
VTE;31/01/2022;LABOREX NIGER - AI0528/LABOREX;F2210055;;"2 500,00";;"295 187 171,51";02/03/2022;;;;
VTE;31/01/2022;LABOREX NIGER - AI0528/LABOREX;F2210055;;"10 000,00";;"295 197 171,51";02/03/2022;;;;A471104
VTE;31/01/2022;LABOREX NIGER - AI0528/LABOREX;F2210055;;"20 000,00";;"295 217 171,51";02/03/2022;;;;A471107
VTE;31/01/2022;LABOREX NIGER - AI0528/LABOREX;F2210055;;"174 900,00";;"295 392 071,51";02/03/2022;;;;A471109
VTE;03/02/2022;CAT BENIN - RI0814/CAT BENIN/H;F2220056;;"25 300,00";;"295 417 371,51";05/03/2022;;;;A471103
VTE;03/02/2022;CAT BENIN - RI0814/CAT BENIN/H;F2220056;;"16 525,00";;"295 433 896,51";05/03/2022;;;;A471109
VTE;03/02/2022;LABOREX NIGER - AI0532/LABOREX;F2220057;;"2 500,00";;"295 436 396,51";05/03/2022;;;;
VTE;03/02/2022;LABOREX NIGER - AI0532/LABOREX;F2220057;;"23 800,00";;"295 460 196,51";05/03/2022;;;;
VTE;03/02/2022;LABOREX NIGER - AI0532/LABOREX;F2220057;;"10 000,00";;"295 470 196,51";05/03/2022;;;;A471104
VTE;03/02/2022;LABOREX NIGER - AI0532/LABOREX;F2220057;;"5 000,00";;"295 475 196,51";05/03/2022;;;;A471107
VTE;03/02/2022;LABOREX NIGER - AI0532/LABOREX;F2220057;;"170 180,00";;"295 645 376,51";05/03/2022;;;;A471109
VTE;03/02/2022;LABOREX NIGER - AI0527/LABOREX;F2220058;;"2 500,00";;"295 647 876,51";05/03/2022;;;;
VTE;03/02/2022;LABOREX NIGER - AI0527/LABOREX;F2220058;;"10 000,00";;"295 657 876,51";05/03/2022;;;;A471104
VTE;03/02/2022;LABOREX NIGER - AI0527/LABOREX;F2220058;;"5 000,00";;"295 662 876,51";05/03/2022;;;;A471107
VTE;03/02/2022;LABOREX NIGER - AI0527/LABOREX;F2220058;;"15 000,00";;"295 677 876,51";05/03/2022;;;;A471108
VTE;03/02/2022;LABOREX NIGER - AI0527/LABOREX;F2220058;;"175 900,00";;"295 853 776,51";05/03/2022;;;;A471109
VTE;04/02/2022;DSV AIR &amp SEA A/S  ODENSE - AI;F2220059;;"10 000,00";;"295 863 776,51";03/04/2022;;;;A471104
VTE;04/02/2022;DSV AIR &amp SEA A/S  ODENSE - AI;F2220059;;"20 000,00";;"295 883 776,51";03/04/2022;;;;A471107
VTE;04/02/2022;DSV AIR &amp SEA A/S  ODENSE - AI;F2220059;;"139 000,00";;"296 022 776,51";03/04/2022;;;;A471109
VTE;04/02/2022;ENTC - AI0531/ENTC/071-4307-14;F2220060;;"26 775,00";;"296 049 551,51";05/03/2022;;;;A471109
VTE;08/02/2022;ENTC - AI0519/ENTC/071-4254889;F2220061;;"26 775,00";;"296 076 326,51";08/03/2022;;;;A471109
VTE;08/02/2022;ENTC - AI0515/ENTC/071-4420684;F2220062;;"26 775,00";;"296 103 101,51";10/03/2022;;;;A471109
VTE;10/02/2022;DSV AIR &amp SEA AB  - AI0523/DSV;F2220066;;"32 500,00";;"296 135 601,51";12/03/2022;;;;
VTE;10/02/2022;DSV AIR &amp SEA AB  - AI0523/DSV;F2220066;;"10 000,00";;"296 145 601,51";12/03/2022;;;;
VTE;10/02/2022;DSV AIR &amp SEA AB  - AI0523/DSV;F2220066;;"5 000,00";;"296 150 601,51";12/03/2022;;;;
VTE;10/02/2022;DSV AIR &amp SEA AB  - AI0523/DSV;F2220066;;"25 200,00";;"296 175 801,51";12/03/2022;;;;
VTE;10/02/2022;DSV AIR &amp SEA AB  - AI0530/DSV;F2220068;;"15 000,00";;"296 190 801,51";12/03/2022;;;;
VTE;14/02/2022;SAGAM ELECTRONICS - RI0772/SAG;F2220069;;"110 000,00";;"296 300 801,51";16/03/2022;;;;
VTE;14/02/2022;SAGAM ELECTRONICS - RI0772/SAG;F2220069;;"1 070 000,00";;"297 370 801,51";16/03/2022;;;;
VTE;14/02/2022;SAGAM ELECTRONICS - Annulation;A2220004;"110 000,00";;;"297 260 801,51";16/03/2022;;;;
VTE;14/02/2022;SAGAM ELECTRONICS - Annulation;A2220004;"1 070 000,00";;;"296 190 801,51";16/03/2022;;;;
VTE;14/02/2022;SAGAM ELECTRONICS - RI0772/SAG;F2220070;;"110 000,00";;"296 300 801,51";16/03/2022;;;;
VTE;14/02/2022;SAGAM ELECTRONICS - RI0772/SAG;F2220070;;"1 070 000,00";;"297 370 801,51";16/03/2022;;;;
VTE;14/02/2022;BCEAO - RI0772/BCEAO/MEDUIG035;F2220071;;"1 267 641,00";;"298 638 442,51";14/03/2022;;;;A471103
VTE;16/02/2022;UNICEF - RI0786/UNICEF/COP0226;F2220073;;"2 500,00";;"298 640 942,51";16/03/2022;;;;A471102
VTE;16/02/2022;UNICEF - RI0786/UNICEF/COP0226;F2220073;;"94 000,00";;"298 734 942,51";16/03/2022;;;;A471103
VTE;16/02/2022;UNICEF - RI0786/UNICEF/COP0226;F2220073;;"89 000,00";;"298 823 942,51";16/03/2022;;;;A471109
VTE;16/02/2022;LABOREX NIGER - ANNULATION FAC;A2220005;"274 207,00";;;"298 549 735,51";18/03/2022;;;;A471109
VTE;16/02/2022;LABOREX NIGER - ANNULATION FAC;A2220006;"274 611,00";;;"298 275 124,51";18/03/2022;;;;A471109
VTE;16/02/2022;LABOREX NIGER - ANNULATION FAC;A2220007;"274 611,00";;;"298 000 513,51";18/03/2022;;;;A471109
VTE;18/02/2022;ETIENNE LACROIX LOGISTICS - RI;F2220077;;"2 500,00";;"298 003 013,51";18/03/2022;;;;A471102
VTE;18/02/2022;ETIENNE LACROIX LOGISTICS - RI;F2220077;;"74 000,00";;"298 077 013,51";18/03/2022;;;;A471103
VTE;18/02/2022;ETIENNE LACROIX LOGISTICS - RI;F2220077;;"20 000,00";;"298 097 013,51";18/03/2022;;;;A471104
VTE;18/02/2022;ETIENNE LACROIX LOGISTICS - RI;F2220077;;"285 870,00";;"298 382 883,51";18/03/2022;;;;A471109
VTE;24/02/2022;LABOREX NIGER - RI0809/LABOREX;F2220079;;"2 500,00";;"298 385 383,51";24/03/2022;;;;A471102
VTE;24/02/2022;LABOREX NIGER - RI0809/LABOREX;F2220079;;"12 000,00";;"298 397 383,51";24/03/2022;;;;A471103
VTE;24/02/2022;LABOREX NIGER - RI0809/LABOREX;F2220079;;"36 000,00";;"298 433 383,51";24/03/2022;;;;A471104
VTE;24/02/2022;LABOREX NIGER - RI0809/LABOREX;F2220079;;"153 998,00";;"298 587 381,51";24/03/2022;;;;A471109
VTE;24/02/2022;LABOREX NIGER - RI0811/LABOREX;F2220080;;"2 500,00";;"298 589 881,51";24/03/2022;;;;A471102
VTE;24/02/2022;LABOREX NIGER - RI0811/LABOREX;F2220080;;"12 000,00";;"298 601 881,51";24/03/2022;;;;A471103
VTE;24/02/2022;LABOREX NIGER - RI0811/LABOREX;F2220080;;"36 000,00";;"298 637 881,51";24/03/2022;;;;A471104
VTE;24/02/2022;LABOREX NIGER - RI0811/LABOREX;F2220080;;"146 411,00";;"298 784 292,51";24/03/2022;;;;A471109
VTE;24/02/2022;LABOREX NIGER - AI0533/LABOREX;F2220081;;"2 500,00";;"298 786 792,51";24/03/2022;;;;
VTE;24/02/2022;LABOREX NIGER - AI0533/LABOREX;F2220081;;"10 000,00";;"298 796 792,51";24/03/2022;;;;
VTE;24/02/2022;LABOREX NIGER - AI0533/LABOREX;F2220081;;"5 000,00";;"298 801 792,51";24/03/2022;;;;
VTE;24/02/2022;LABOREX NIGER - AI0533/LABOREX;F2220081;;"25 000,00";;"298 826 792,51";24/03/2022;;;;
VTE;24/02/2022;WEBB FONTAINE NIGER - AI0534/W;F2220082;;"10 000,00";;"298 836 792,51";24/03/2022;;;;
VTE;24/02/2022;WEBB FONTAINE NIGER - AI0534/W;F2220082;;"15 000,00";;"298 851 792,51";24/03/2022;;;;
VTE;24/02/2022;WEBB FONTAINE NIGER - AI0534/W;F2220082;;"66 500,00";;"298 918 292,51";24/03/2022;;;;
VTE;24/02/2022;WEBB FONTAINE NIGER - AI0534/W;F2220082;;"29 754,00";;"298 948 046,51";24/03/2022;;;;
VTE;02/03/2022;LABOREX NIGER - RI0812/LABOREX;F2230085;;"2 500,00";;"298 950 546,51";02/04/2022;;;;A471102
VTE;02/03/2022;LABOREX NIGER - RI0812/LABOREX;F2230085;;"12 000,00";;"298 962 546,51";02/04/2022;;;;A471103
VTE;02/03/2022;LABOREX NIGER - RI0812/LABOREX;F2230085;;"36 000,00";;"298 998 546,51";02/04/2022;;;;A471104
VTE;02/03/2022;LABOREX NIGER - RI0812/LABOREX;F2230085;;"147 098,00";;"299 145 644,51";02/04/2022;;;;A471109
VTE;03/03/2022;SKT TUYAUTERIE SARL - F0015/SK;F2230087;;"138 000,00";;"299 283 644,51";31/03/2022;;;;A471103
VTE;03/03/2022;SKT TUYAUTERIE SARL - F0015/SK;F2230087;;"1 590 000,00";;"300 873 644,51";31/03/2022;;;;A471109
VTE;04/03/2022;SAGAM ELECTRONICS - AI0451/SAG;F2230089;;"5 000,00";;"300 878 644,51";04/05/2022;;;;A471107
VTE;04/03/2022;SAGAM ELECTRONICS - AI0451/SAG;F2230089;;"63 000,00";;"300 941 644,51";04/05/2022;;;;A471109
VTE;04/03/2022;SAGAM ELECTRONICS - AI0451/SAG;F2230089;;"1 764,00";;"300 943 408,51";04/05/2022;;;;A471110
VTE;04/03/2022;SAGAM ELECTRONICS - AI0452/SAG;F2230090;;"11 500,00";;"300 954 908,51";04/04/2022;;;;
VTE;04/03/2022;SAGAM ELECTRONICS - AI0452/SAG;F2230090;;"5 000,00";;"300 959 908,51";04/04/2022;;;;A471107
VTE;04/03/2022;SAGAM ELECTRONICS - AI0452/SAG;F2230090;;"51 500,00";;"301 011 408,51";04/04/2022;;;;A471109
VTE;04/03/2022;SAGAM ELECTRONICS - AI0452/SAG;F2230090;;"2 111,00";;"301 013 519,51";04/04/2022;;;;A471110
VTE;07/03/2022;KUEHNE + NAGEL A/S - AI0519/K;F2230091;;"5 000,00";;"301 018 519,51";04/04/2022;;;;
VTE;07/03/2022;KUEHNE + NAGEL A/S - AI0519/K;F2230091;;"5 000,00";;"301 023 519,51";04/04/2022;;;;
VTE;07/03/2022;DSV A/S HEDEHUSENE - AI0500/D;F2230092;;"5 000,00";;"301 028 519,51";06/04/2022;;;;
VTE;07/03/2022;DSV A/S HEDEHUSENE - AI0500/D;F2230092;;"10 000,00";;"301 038 519,51";06/04/2022;;;;A471109
VTE;08/03/2022;DSV AIR &amp SEA A/S  ODENSE - AI;F2230093;;"5 000,00";;"301 043 519,51";07/04/2022;;;;A471104
VTE;08/03/2022;DSV AIR &amp SEA A/S  ODENSE - AI;F2230093;;"5 000,00";;"301 048 519,51";07/04/2022;;;;A471107
VTE;08/03/2022;DSV AIR &amp SEA A/S  ODENSE - AI;F2230094;;"17 660,00";;"301 066 179,51";07/04/2022;;;;
VTE;08/03/2022;DSV AIR &amp SEA A/S  ODENSE - AI;F2230094;;"50 000,00";;"301 116 179,51";07/04/2022;;;;
VTE;08/03/2022;DSV AIR &amp SEA A/S  ODENSE - AI;F2230094;;"57 500,00";;"301 173 679,51";07/04/2022;;;;
VTE;09/03/2022;LABOREX NIGER - RI-F0011/DIR-0;F2230095;;"2 500,00";;"301 176 179,51";09/04/2022;;;;A471102
VTE;09/03/2022;LABOREX NIGER - RI-F0011/DIR-0;F2230095;;"12 000,00";;"301 188 179,51";09/04/2022;;;;A471103
VTE;09/03/2022;LABOREX NIGER - RI-F0011/DIR-0;F2230095;;"36 000,00";;"301 224 179,51";09/04/2022;;;;A471104
VTE;09/03/2022;LABOREX NIGER - RI-F0011/DIR-0;F2230095;;"156 723,00";;"301 380 902,51";09/04/2022;;;;A471109
VTE;09/03/2022;LABOREX NIGER - RI-F0011/DIR-0;F2230096;;"267 119,00";;"301 648 021,51";08/04/2022;;;;A471109
VTE;09/03/2022;LABOREX NIGER - RI-F0011/DIR-0;F2230097;;"440 000,00";;"302 088 021,51";08/04/2022;;;;A471109
VTE;10/03/2022;DSV AIR &amp SEA A/S  ODENSE - AI;F2230098;;"5 000,00";;"302 093 021,51";09/04/2022;;;;A471104
VTE;10/03/2022;DSV AIR &amp SEA A/S  ODENSE - AI;F2230098;;"5 000,00";;"302 098 021,51";09/04/2022;;;;A471107
VTE;15/03/2022;LABOREX NIGER - AI-F0034-DIR72;F2230099;;"2 500,00";;"302 100 521,51";15/04/2022;;;;A471102
VTE;15/03/2022;LABOREX NIGER - AI-F0034-DIR72;F2230099;;"10 000,00";;"302 110 521,51";15/04/2022;;;;A471104
VTE;15/03/2022;LABOREX NIGER - AI-F0034-DIR72;F2230099;;"25 000,00";;"302 135 521,51";15/04/2022;;;;A471109
VTE;15/03/2022;LABOREX NIGER - AI-F0024-DIR00;F2230100;;"2 500,00";;"302 138 021,51";15/04/2022;;;;A471102
VTE;15/03/2022;LABOREX NIGER - AI-F0024-DIR00;F2230100;;"10 000,00";;"302 148 021,51";15/04/2022;;;;A471104
VTE;15/03/2022;LABOREX NIGER - AI-F0024-DIR00;F2230100;;"25 000,00";;"302 173 021,51";15/04/2022;;;;A471109
VTE;16/03/2022;SKT TUYAUTERIE SARL - F0019/SK;F2230102;;"111 000,00";;"302 284 021,51";16/04/2022;;;;A471103
VTE;16/03/2022;SKT TUYAUTERIE SARL - F0019/SK;F2230102;;"1 725 000,00";;"304 009 021,51";16/04/2022;;;;A471109
VTE;16/03/2022;LABOREX NIGER - ANNULATION F22;A2230009;"2 500,00";;;"304 006 521,51";15/04/2022;;;;A471102
VTE;16/03/2022;LABOREX NIGER - ANNULATION F22;A2230009;"10 000,00";;;"303 996 521,51";15/04/2022;;;;A471104
VTE;16/03/2022;LABOREX NIGER - ANNULATION F22;A2230009;"25 000,00";;;"303 971 521,51";15/04/2022;;;;A471109
VTE;16/03/2022;LABOREX NIGER - AI-F0024-DIR00;F2230103;;"2 500,00";;"303 974 021,51";15/04/2022;;;;A471102
VTE;16/03/2022;LABOREX NIGER - AI-F0024-DIR00;F2230103;;"10 000,00";;"303 984 021,51";15/04/2022;;;;A471104
VTE;16/03/2022;LABOREX NIGER - AI-F0024-DIR00;F2230103;;"304 650,00";;"304 288 671,51";15/04/2022;;;;A471109
VTE;16/03/2022;LABOREX NIGER - RI-F0014/DIR-0;F2230104;;"2 500,00";;"304 291 171,51";16/04/2022;;;;A471102
VTE;16/03/2022;LABOREX NIGER - RI-F0014/DIR-0;F2230104;;"12 000,00";;"304 303 171,51";16/04/2022;;;;A471103
VTE;16/03/2022;LABOREX NIGER - RI-F0014/DIR-0;F2230104;;"36 000,00";;"304 339 171,51";16/04/2022;;;;A471104
VTE;16/03/2022;LABOREX NIGER - RI-F0014/DIR-0;F2230104;;"145 311,00";;"304 484 482,51";16/04/2022;;;;A471109
VTE;16/03/2022;LABOREX NIGER - RI-F0014/DIR-0;F2230105;;"40 000,00";;"304 524 482,51";15/04/2022;;;;A471107
VTE;16/03/2022;LABOREX NIGER - RI-F0014/DIR-0;F2230105;;"100 000,00";;"304 624 482,51";15/04/2022;;;;A471109
VTE;22/03/2022;LABOREX NIGER - RI-F0014/DIR-0;F2230106;;"459 767,00";;"305 084 249,51";22/04/2022;;;;A471109
VTE;28/03/2022;DSV AIR &amp SEA AG 1486 - AI-F00;F2230109;;"20 000,00";;"305 104 249,51";31/03/2022;;;;A471107
VTE;28/03/2022;DSV AIR &amp SEA AG 1486 - AI-F00;F2230109;;"155 400,00";;"305 259 649,51";31/03/2022;;;;A471109
VTE;28/03/2022;DSV AIR &amp SEA AG 1486 - ANNULA;A2230012;"20 000,00";;;"305 239 649,51";31/03/2022;;;;A471107
VTE;28/03/2022;DSV AIR &amp SEA AG 1486 - ANNULA;A2230012;"155 400,00";;;"305 084 249,51";31/03/2022;;;;A471109
VTE;28/03/2022;DSV AIR &amp SEA AG 1486 - AI-F00;F2230110;;"20 000,00";;"305 104 249,51";31/03/2022;;;;A471107
VTE;28/03/2022;DSV AIR &amp SEA AG 1486 - AI-F00;F2230110;;"155 400,00";;"305 259 649,51";31/03/2022;;;;A471109
VTE;29/03/2022;LABOREX NIGER - AI-F0053/DIR-0;F2230111;;"2 500,00";;"305 262 149,51";29/04/2022;;;;A471102
VTE;29/03/2022;LABOREX NIGER - AI-F0053/DIR-0;F2230111;;"15 000,00";;"305 277 149,51";29/04/2022;;;;A471104
VTE;29/03/2022;LABOREX NIGER - AI-F0053/DIR-0;F2230111;;"165 000,00";;"305 442 149,51";29/04/2022;;;;A471109
VTE;29/03/2022;LABOREX NIGER - AI-F0046/DIR-0;F2230112;;"2 500,00";;"305 444 649,51";29/04/2022;;;;A471102
VTE;29/03/2022;LABOREX NIGER - AI-F0046/DIR-0;F2230112;;"10 000,00";;"305 454 649,51";29/04/2022;;;;A471104
VTE;29/03/2022;LABOREX NIGER - AI-F0046/DIR-0;F2230112;;"163 500,00";;"305 618 149,51";29/04/2022;;;;A471109
VTE;30/03/2022;ETIENNE LACROIX LOGISTICS - DO;F2230118;;"1 098 571,00";;"306 716 720,51";29/04/2022;;;;A471109
VTE;31/03/2022;LABOREX NIGER - DOS N°F0067<br;F2230119;;"2 500,00";;"306 719 220,51";30/04/2022;;;;A471102
VTE;31/03/2022;LABOREX NIGER - DOS N°F0067<br;F2230119;;"10 000,00";;"306 729 220,51";30/04/2022;;;;A471104
VTE;31/03/2022;LABOREX NIGER - DOS N°F0067<br;F2230119;;"145 900,00";;"306 875 120,51";30/04/2022;;;;A471109
VTE;31/03/2022;LABOREX NIGER - DOS N°F0059<br;F2230120;;"2 500,00";;"306 877 620,51";30/04/2022;;;;A471102
VTE;31/03/2022;LABOREX NIGER - DOS N°F0059<br;F2230120;;"5 000,00";;"306 882 620,51";30/04/2022;;;;A471104
VTE;31/03/2022;LABOREX NIGER - DOS N°F0059<br;F2230120;;"160 180,00";;"307 042 800,51";30/04/2022;;;;A471109
VTE;01/04/2022;COOPERAZIONE INTERNAZIONALE -;F2240121;;"70 000,00";;"307 112 800,51";30/04/2022;;;;A471104
VTE;01/04/2022;COOPERAZIONE INTERNAZIONALE -;F2240121;;"922 600,00";;"308 035 400,51";30/04/2022;;;;A471109
VTE;01/04/2022;AGRO BUSINESS CENTER - DOS N°F;F2240122;;"36 225,00";;"308 071 625,51";30/04/2022;;;;
VTE;01/04/2022;AGRO BUSINESS CENTER - DOS N°F;F2240122;;"18 112,00";;"308 089 737,51";30/04/2022;;;;A471103
VTE;01/04/2022;AGRO BUSINESS CENTER - DOS N°F;F2240122;;"1 050 000,00";;"309 139 737,51";30/04/2022;;;;A471109
VTE;04/04/2022;COOPERAZIONE INTERNAZIONALE -;F2240123;;"525 385,00";;"309 665 122,51";03/05/2022;;;;
VTE;05/04/2022;WEBB FONTAINE NIGER - RI-F0054;F2240124;;"126 050,00";;"309 791 172,51";04/04/2022;;;;A471109
VTE;05/04/2022;SAGAM ELECTRONICS - DOS N°F001;F2240125;;"24 098,00";;"309 815 270,51";04/04/2022;;;;A471107
VTE;05/04/2022;SAGAM ELECTRONICS - DOS N°F001;F2240125;;"55 000,00";;"309 870 270,51";04/04/2022;;;;A471109
VTE;05/04/2022;SAGAM ELECTRONICS - DOS N°F001;F2240125;;"1 186,00";;"309 871 456,51";04/04/2022;;;;A471110
VTE;05/04/2022;BCEAO - DOS N°F0012<br>AI/DIR0;F2240126;;"302 168,00";;"310 173 624,51";04/05/2022;;;;
VTE;05/04/2022;BCEAO - DOS N°F0008<br>AI/DIR0;F2240127;;"302 168,00";;"310 475 792,51";04/05/2022;;;;
VTE;05/04/2022;SAGAM ELECTRONICS - DSO N°F000;F2240128;;"16 065,00";;"310 491 857,51";04/05/2022;;;;A471107
VTE;05/04/2022;SAGAM ELECTRONICS - DSO N°F000;F2240128;;"55 000,00";;"310 546 857,51";04/05/2022;;;;A471109
VTE;05/04/2022;SAGAM ELECTRONICS - DSO N°F000;F2240128;;"1 186,00";;"310 548 043,51";04/05/2022;;;;A471110
VTE;05/04/2022;SAGAM ELECTRONICS - DOS N°F004;F2240129;;"5 000,00";;"310 553 043,51";04/05/2022;;;;
VTE;05/04/2022;SAGAM ELECTRONICS - DOS N°F004;F2240129;;"15 000,00";;"310 568 043,51";04/05/2022;;;;
VTE;05/04/2022;BCEAO - DOS N°F0041<br>AI/DIR-;F2240130;;"293 300,00";;"310 861 343,51";04/05/2022;;;;
VTE;06/04/2022;COOPERAZIONE INTERNAZIONALE -;F2240135;;"2 143 638,00";;"313 004 981,51";05/05/2022;;;;
VTE;06/04/2022;COOPERAZIONE INTERNAZIONALE -;F2240135;;"922 600,00";;"313 927 581,51";05/05/2022;;;;A471109
VTE;06/04/2022;COOPERAZIONE INTERNAZIONALE -;A2240014;"70 000,00";;;"313 857 581,51";06/05/2022;;;;A471104
VTE;06/04/2022;COOPERAZIONE INTERNAZIONALE -;A2240014;"922 600,00";;;"312 934 981,51";06/05/2022;;;;A471109
VTE;06/04/2022;COOPERAZIONE INTERNAZIONALE -;A2240015;"2 143 638,00";;;"310 791 343,51";06/05/2022;;;;
VTE;06/04/2022;COOPERAZIONE INTERNAZIONALE -;A2240015;"922 600,00";;;"309 868 743,51";06/05/2022;;;;A471109
VTE;06/04/2022;COOPERAZIONE INTERNAZIONALE -;F2240136;;"2 099 187,00";;"311 967 930,51";05/05/2022;;;;
VTE;06/04/2022;COOPERAZIONE INTERNAZIONALE -;F2240136;;"922 600,00";;"312 890 530,51";05/05/2022;;;;A471109
VTE;12/04/2022;COOPERAZIONE INTERNAZIONALE -;A2240016;"525 385,00";;;"312 365 145,51";12/05/2022;;;;
VTE;13/04/2022;TOTAL NIGER - DOS N°F0043 <br>;F2240137;;"148 000,00";;"312 513 145,51";12/05/2022;;;;A471103
VTE;13/04/2022;TOTAL NIGER - DOS N°F0043 <br>;F2240137;;"640 000,00";;"313 153 145,51";12/05/2022;;;;A471104
VTE;13/04/2022;TOTAL NIGER - DOS N°F0043 <br>;F2240137;;"1 582 292,00";;"314 735 437,51";12/05/2022;;;;A471109
VTE;13/04/2022;TOTAL NIGER - DOS N°F0043 <br>;F2240137;;"274 241,00";;"315 009 678,51";12/05/2022;;;;A471110
VTE;13/04/2022;COOPERAZIONE INTERNAZIONALE -;F2240138;;"54 375,00";;"315 064 053,51";13/05/2022;;;;A471103
VTE;13/04/2022;COOPERAZIONE INTERNAZIONALE -;F2240139;;"38 410,00";;"315 102 463,51";12/05/2022;;;;A471103
VTE;19/04/2022;TOTAL NIGER - DOS N°F0063<br>R;F2240141;;"37 000,00";;"315 139 463,51";18/05/2022;;;;A471103
VTE;19/04/2022;TOTAL NIGER - DOS N°F0063<br>R;F2240141;;"160 000,00";;"315 299 463,51";18/05/2022;;;;A471104
VTE;19/04/2022;TOTAL NIGER - DOS N°F0063<br>R;F2240141;;"443 262,00";;"315 742 725,51";18/05/2022;;;;A471109
VTE;19/04/2022;TOTAL NIGER - DOS N°F0063<br>R;F2240141;;"86 818,00";;"315 829 543,51";18/05/2022;;;;A471110
VTE;19/04/2022;TOTAL NIGER - DOS N°F0006<br>A;F2240142;;"1 401 863,00";;"317 231 406,51";18/05/2022;;;;A471103
VTE;19/04/2022;TOTAL NIGER - DOS N°F0006<br>A;F2240142;;"37 700,00";;"317 269 106,51";18/05/2022;;;;A471104
VTE;19/04/2022;TOTAL NIGER - DOS N°F0006<br>A;F2240142;;"130 430,00";;"317 399 536,51";18/05/2022;;;;A471109
VTE;19/04/2022;TOTAL NIGER - DOS N°F0006<br>A;F2240142;;"5 136,00";;"317 404 672,51";18/05/2022;;;;A471110
VTE;19/04/2022;UNICEF - DOS N°F0018<br>RI/DIR;F2240143;;"150 000,00";;"317 554 672,51";18/05/2022;;;;
VTE;19/04/2022;UNICEF - DOS N°F0018<br>RI/DIR;F2240143;;"2 500,00";;"317 557 172,51";18/05/2022;;;;A471102
VTE;19/04/2022;UNICEF - DOS N°F0018<br>RI/DIR;F2240143;;"94 000,00";;"317 651 172,51";18/05/2022;;;;A471103
VTE;19/04/2022;UNICEF - DOS N°F0018<br>RI/DIR;F2240143;;"40 000,00";;"317 691 172,51";18/05/2022;;;;A471104
VTE;19/04/2022;UNICEF - DOS N°F0018<br>RI/DIR;F2240143;;"160 000,00";;"317 851 172,51";18/05/2022;;;;A471107
VTE;19/04/2022;UNICEF - DOS N°F0018<br>RI/DIR;F2240143;;"57 943,00";;"317 909 115,51";18/05/2022;;;;A471109
VTE;22/04/2022;CAT TEMA P/C - F0061/WAYBILL 0;F2240145;;"10 000,00";;"317 919 115,51";21/05/2022;;;;A471103
VTE;22/04/2022;CAT TEMA P/C - F0061/WAYBILL 0;F2240145;;"14 500,00";;"317 933 615,51";21/05/2022;;;;A471109
VTE;22/04/2022;LABOREX NIGER - F0065/519-5038;F2240146;;"2 500,00";;"317 936 115,51";21/05/2022;;;;A471102
VTE;22/04/2022;LABOREX NIGER - F0065/519-5038;F2240146;;"10 000,00";;"317 946 115,51";21/05/2022;;;;A471104
VTE;22/04/2022;LABOREX NIGER - F0065/519-5038;F2240146;;"172 800,00";;"318 118 915,51";21/05/2022;;;;A471109
VTE;22/04/2022;LABOREX NIGER - F0076/519-5038;F2240147;;"2 500,00";;"318 121 415,51";21/05/2022;;;;A471102
VTE;22/04/2022;LABOREX NIGER - F0076/519-5038;F2240147;;"12 000,00";;"318 133 415,51";21/05/2022;;;;A471103
VTE;22/04/2022;LABOREX NIGER - F0076/519-5038;F2240147;;"10 000,00";;"318 143 415,51";21/05/2022;;;;A471104
VTE;22/04/2022;LABOREX NIGER - F0076/519-5038;F2240147;;"173 500,00";;"318 316 915,51";21/05/2022;;;;A471109
VTE;22/04/2022;LABOREX NIGER - F0038/LHV27435;F2240148;;"2 500,00";;"318 319 415,51";21/05/2022;;;;A471102
VTE;22/04/2022;LABOREX NIGER - F0038/LHV27435;F2240148;;"12 000,00";;"318 331 415,51";21/05/2022;;;;A471103
VTE;22/04/2022;LABOREX NIGER - F0038/LHV27435;F2240148;;"36 000,00";;"318 367 415,51";21/05/2022;;;;A471104
VTE;22/04/2022;LABOREX NIGER - F0038/LHV27435;F2240148;;"153 998,00";;"318 521 413,51";21/05/2022;;;;A471109
VTE;22/04/2022;LABOREX NIGER - F0038/LHV27435;F2240149;;"267 287,00";;"318 788 700,51";21/05/2022;;;;A471109
VTE;22/04/2022;CAT BENIN - F0038/LHV2743547/B;F2240150;;"200 000,00";;"318 988 700,51";21/05/2022;;;;
VTE;22/04/2022;CAT BENIN - F0038/LHV2743547/B;F2240150;;"25 000,00";;"319 013 700,51";21/05/2022;;;;
VTE;22/04/2022;CAT BENIN - F0037/MAEU21304548;F2240151;;"562 758,00";;"319 576 458,51";21/05/2022;;;;A471109
VTE;23/04/2022;CAT BENIN - F0002/MEDUTF316870;F2240154;;"543 070,00";;"320 119 528,51";22/05/2022;;;;A471109
VTE;23/04/2022;UNICEF - F0002/MEDUTF316870/UN;F2240155;;"140 000,00";;"320 259 528,51";22/05/2022;;;;A471104
VTE;23/04/2022;UNICEF - F0002/MEDUTF316870/UN;F2240155;;"450 000,00";;"320 709 528,51";22/05/2022;;;;A471109
VTE;23/04/2022;UNICEF - F0037/MAEU213045486/U;F2240156;;"150 000,00";;"320 859 528,51";22/05/2022;;;;
VTE;23/04/2022;UNICEF - F0030/MAEU215174728/U;F2240157;;"5 000,00";;"320 864 528,51";22/05/2022;;;;A471102
VTE;23/04/2022;UNICEF - F0030/MAEU215174728/U;F2240157;;"72 000,00";;"320 936 528,51";22/05/2022;;;;A471103
VTE;23/04/2022;UNICEF - F0030/MAEU215174728/U;F2240157;;"40 000,00";;"320 976 528,51";22/05/2022;;;;A471104
VTE;23/04/2022;UNICEF - F0030/MAEU215174728/U;F2240157;;"178 000,00";;"321 154 528,51";22/05/2022;;;;A471109
VTE;23/04/2022;CAT BENIN - F0020/MAEURI632494;F2240159;;"198 730,00";;"321 353 258,51";22/05/2022;;;;A471109
VTE;23/04/2022;UNICEF - F0020/MAEURI632494/UN;F2240161;;"40 000,00";;"321 393 258,51";22/05/2022;;;;A471104
VTE;23/04/2022;UNICEF - F0020/MAEURI632494/UN;F2240161;;"150 000,00";;"321 543 258,51";22/05/2022;;;;A471109
VTE;23/04/2022;UNICEF - F0028/COP0229948/UNIC;F2240162;;"2 500,00";;"321 545 758,51";22/05/2022;;;;A471102
VTE;23/04/2022;UNICEF - F0028/COP0229948/UNIC;F2240162;;"94 000,00";;"321 639 758,51";22/05/2022;;;;A471103
VTE;23/04/2022;UNICEF - F0028/COP0229948/UNIC;F2240162;;"150 000,00";;"321 789 758,51";22/05/2022;;;;A471104
VTE;23/04/2022;UNICEF - F0028/COP0229948/UNIC;F2240162;;"30 525,00";;"321 820 283,51";22/05/2022;;;;A471109
VTE;24/04/2022;UNICEF - F0045/MEDUM2196910/UN;F2240164;;"2 500,00";;"321 822 783,51";23/05/2022;;;;A471102
VTE;24/04/2022;UNICEF - F0045/MEDUM2196910/UN;F2240164;;"69 000,00";;"321 891 783,51";23/05/2022;;;;A471103
VTE;24/04/2022;UNICEF - F0045/MEDUM2196910/UN;F2240164;;"50 000,00";;"321 941 783,51";23/05/2022;;;;A471104
VTE;24/04/2022;UNICEF - F0045/MEDUM2196910/UN;F2240164;;"174 259,00";;"322 116 042,51";23/05/2022;;;;A471109
VTE;24/04/2022;UNICEF - F0045/MEDUM2196910/UN;F2240165;;"2 500,00";;"322 118 542,51";23/05/2022;;;;A471102
VTE;24/04/2022;UNICEF - F0045/MEDUM2196910/UN;F2240165;;"37 000,00";;"322 155 542,51";23/05/2022;;;;A471103
VTE;24/04/2022;UNICEF - F0045/MEDUM2196910/UN;F2240165;;"5 000,00";;"322 160 542,51";23/05/2022;;;;A471103
VTE;24/04/2022;UNICEF - F0045/MEDUM2196910/UN;F2240165;;"60 000,00";;"322 220 542,51";23/05/2022;;;;A471104
VTE;24/04/2022;UNICEF - F0045/MEDUM2196910/UN;F2240165;;"3 355 200,00";;"325 575 742,51";23/05/2022;;;;A471107
VTE;24/04/2022;UNICEF - F0045/MEDUM2196910/UN;F2240165;;"25 000,00";;"325 600 742,51";23/05/2022;;;;A471109
VTE;24/04/2022;UNICEF - F0045/MEDUM2196910/UN;F2240166;;"2 500,00";;"325 603 242,51";23/05/2022;;;;A471102
VTE;24/04/2022;UNICEF - F0045/MEDUM2196910/UN;F2240166;;"44 000,00";;"325 647 242,51";23/05/2022;;;;A471103
VTE;24/04/2022;UNICEF - F0045/MEDUM2196910/UN;F2240166;;"60 000,00";;"325 707 242,51";23/05/2022;;;;A471104
VTE;24/04/2022;UNICEF - F0045/MEDUM2196910/UN;F2240166;;"47 000,00";;"325 754 242,51";23/05/2022;;;;A471109
VTE;26/04/2022;UNICEF - F0033/MEDUSV975504/UN;F2240168;;"7 500,00";;"325 761 742,51";25/05/2022;;;;A471102
VTE;26/04/2022;UNICEF - F0033/MEDUSV975504/UN;F2240168;;"126 000,00";;"325 887 742,51";25/05/2022;;;;A471103
VTE;26/04/2022;UNICEF - F0033/MEDUSV975504/UN;F2240168;;"150 000,00";;"326 037 742,51";25/05/2022;;;;A471104
VTE;26/04/2022;UNICEF - F0033/MEDUSV975504/UN;F2240168;;"75 000,00";;"326 112 742,51";25/05/2022;;;;A471109
VTE;26/04/2022;UNICEF - F0033/MEDUSV975504/UN;F2240169;;"7 500,00";;"326 120 242,51";25/05/2022;;;;A471102
VTE;26/04/2022;UNICEF - F0033/MEDUSV975504/UN;F2240169;;"132 000,00";;"326 252 242,51";25/05/2022;;;;A471103
VTE;26/04/2022;UNICEF - F0033/MEDUSV975504/UN;F2240169;;"141 000,00";;"326 393 242,51";25/05/2022;;;;A471109
VTE;26/04/2022;UNICEF - F0033/MEDUSV975504/UN;F2240170;;"7 500,00";;"326 400 742,51";25/05/2022;;;;A471102
VTE;26/04/2022;UNICEF - F0033/MEDUSV975504/UN;F2240170;;"294 000,00";;"326 694 742,51";25/05/2022;;;;A471103
VTE;26/04/2022;UNICEF - F0033/MEDUSV975504/UN;F2240170;;"325 000,00";;"327 019 742,51";25/05/2022;;;;A471104
VTE;26/04/2022;UNICEF - F0033/MEDUSV975504/UN;F2240170;;"1 949 952,00";;"328 969 694,51";25/05/2022;;;;A471109
VTE;26/04/2022;UNICEF - F0033/MEDUSV975504/UN;A2240017;"7 500,00";;;"328 962 194,51";26/05/2022;;;;A471102
VTE;26/04/2022;UNICEF - F0033/MEDUSV975504/UN;A2240017;"294 000,00";;;"328 668 194,51";26/05/2022;;;;A471103
VTE;26/04/2022;UNICEF - F0033/MEDUSV975504/UN;A2240017;"325 000,00";;;"328 343 194,51";26/05/2022;;;;A471104
VTE;26/04/2022;UNICEF - F0033/MEDUSV975504/UN;A2240017;"1 949 952,00";;;"326 393 242,51";26/05/2022;;;;A471109
VTE;26/04/2022;UNICEF - F0033/MEDUSV975504/UN;F2240171;;"7 500,00";;"326 400 742,51";25/05/2022;;;;A471102
VTE;26/04/2022;UNICEF - F0033/MEDUSV975504/UN;F2240171;;"294 000,00";;"326 694 742,51";25/05/2022;;;;A471103
VTE;26/04/2022;UNICEF - F0033/MEDUSV975504/UN;F2240171;;"325 000,00";;"327 019 742,51";25/05/2022;;;;A471104
VTE;26/04/2022;UNICEF - F0033/MEDUSV975504/UN;F2240171;;"1 949 952,00";;"328 969 694,51";25/05/2022;;;;A471109
VTE;27/04/2022;UNICEF - ANUL--FACT F2240171/F;A2240018;"7 500,00";;;"328 962 194,51";26/05/2022;;;;A471102
VTE;27/04/2022;UNICEF - ANUL--FACT F2240171/F;A2240018;"294 000,00";;;"328 668 194,51";26/05/2022;;;;A471103
VTE;27/04/2022;UNICEF - ANUL--FACT F2240171/F;A2240018;"325 000,00";;;"328 343 194,51";26/05/2022;;;;A471104
VTE;27/04/2022;UNICEF - ANUL--FACT F2240171/F;A2240018;"1 949 952,00";;;"326 393 242,51";26/05/2022;;;;A471109
VTE;27/04/2022;UNICEF - F0033/MEDUSV975504/UN;F2240173;;"7 500,00";;"326 400 742,51";26/05/2022;;;;A471102
VTE;27/04/2022;UNICEF - F0033/MEDUSV975504/UN;F2240173;;"294 000,00";;"326 694 742,51";26/05/2022;;;;A471103
VTE;27/04/2022;UNICEF - F0033/MEDUSV975504/UN;F2240173;;"325 000,00";;"327 019 742,51";26/05/2022;;;;A471104
VTE;27/04/2022;UNICEF - F0033/MEDUSV975504/UN;F2240173;;"1 949 952,00";;"328 969 694,51";26/05/2022;;;;A471109
VTE;28/04/2022;SAGAM ELECTRONICS - F0051/SAGA;F2240176;;"30 000,00";;"328 999 694,51";27/05/2022;;;;A471104
VTE;28/04/2022;SAGAM ELECTRONICS - F0051/SAGA;F2240176;;"40 000,00";;"329 039 694,51";27/05/2022;;;;A471109
VTE;28/04/2022;BCEAO - F0051/BCEAO/AWB 765065;F2240177;;"80 931,00";;"329 120 625,51";27/05/2022;;;;
VTE;02/05/2022;WEBB FONTAINE NIGER - ANUL F22;A2250021;"126 050,00";;;"328 994 575,51";31/05/2022;;;;A471109
VTE;02/05/2022;LABOREX NIGER - F0088/057-0548;F2250181;;"2 500,00";;"328 997 075,51";31/05/2022;;;;A471102
VTE;02/05/2022;LABOREX NIGER - F0088/057-0548;F2250181;;"10 000,00";;"329 007 075,51";31/05/2022;;;;A471104
VTE;02/05/2022;LABOREX NIGER - F0088/057-0548;F2250181;;"160 180,00";;"329 167 255,51";31/05/2022;;;;A471109
VTE;02/05/2022;LABOREX NIGER - F0086/032-0025;F2250182;;"2 500,00";;"329 169 755,51";31/05/2022;;;;A471102
VTE;02/05/2022;LABOREX NIGER - F0086/032-0025;F2250182;;"10 000,00";;"329 179 755,51";31/05/2022;;;;A471104
VTE;02/05/2022;LABOREX NIGER - F0086/032-0025;F2250182;;"145 900,00";;"329 325 655,51";31/05/2022;;;;A471109
VTE;03/05/2022;LABOREX NIGER - F0076/519-5038;A2250022;"2 500,00";;;"329 323 155,51";02/06/2022;;;;A471102
VTE;03/05/2022;LABOREX NIGER - F0076/519-5038;A2250022;"12 000,00";;;"329 311 155,51";02/06/2022;;;;A471103
VTE;03/05/2022;LABOREX NIGER - F0076/519-5038;A2250022;"10 000,00";;;"329 301 155,51";02/06/2022;;;;A471104
VTE;03/05/2022;LABOREX NIGER - F0076/519-5038;A2250022;"173 500,00";;;"329 127 655,51";02/06/2022;;;;A471109
VTE;03/05/2022;LABOREX NIGER - F0076/519-5038;F2250183;;"2 500,00";;"329 130 155,51";01/06/2022;;;;A471102
VTE;03/05/2022;LABOREX NIGER - F0076/519-5038;F2250183;;"12 000,00";;"329 142 155,51";01/06/2022;;;;A471103
VTE;03/05/2022;LABOREX NIGER - F0076/519-5038;F2250183;;"10 000,00";;"329 152 155,51";01/06/2022;;;;A471104
VTE;03/05/2022;LABOREX NIGER - F0076/519-5038;F2250183;;"173 500,00";;"329 325 655,51";01/06/2022;;;;A471109
VTE;03/05/2022;LABOREX NIGER - F0065/519-5038;A2250023;"2 500,00";;;"329 323 155,51";02/06/2022;;;;A471102
VTE;03/05/2022;LABOREX NIGER - F0065/519-5038;A2250023;"10 000,00";;;"329 313 155,51";02/06/2022;;;;A471104
VTE;03/05/2022;LABOREX NIGER - F0065/519-5038;A2250023;"172 800,00";;;"329 140 355,51";02/06/2022;;;;A471109
VTE;03/05/2022;LABOREX NIGER - F0065/519-5038;F2250184;;"2 500,00";;"329 142 855,51";01/06/2022;;;;A471102
VTE;03/05/2022;LABOREX NIGER - F0065/519-5038;F2250184;;"10 000,00";;"329 152 855,51";01/06/2022;;;;A471104
VTE;03/05/2022;LABOREX NIGER - F0065/519-5038;F2250184;;"172 800,00";;"329 325 655,51";01/06/2022;;;;A471109
VTE;03/05/2022;LABOREX NIGER - F0089/057-0548;F2250185;;"2 500,00";;"329 328 155,51";01/06/2022;;;;A471102
VTE;03/05/2022;LABOREX NIGER - F0089/057-0548;F2250185;;"12 000,00";;"329 340 155,51";01/06/2022;;;;A471103
VTE;03/05/2022;LABOREX NIGER - F0089/057-0548;F2250185;;"10 000,00";;"329 350 155,51";01/06/2022;;;;A471104
VTE;03/05/2022;LABOREX NIGER - F0089/057-0548;F2250185;;"170 180,00";;"329 520 335,51";01/06/2022;;;;A471109
VTE;04/05/2022;WEBB FONTAINE NIGER - F0054/EX;F2250187;;"150 000,00";;"329 670 335,51";02/06/2022;;;;
VTE;04/05/2022;WEBB FONTAINE NIGER - RI0797/D;F2250188;;"478 000,00";;"330 148 335,51";02/06/2022;;;;A471109
VTE;04/05/2022;DSV AIR &amp SEA A/S  ODENSE - F0;F2250189;;"10 000,00";;"330 158 335,51";02/06/2022;;;;A471104
VTE;04/05/2022;DSV AIR &amp SEA A/S  ODENSE - F0;F2250189;;"22 000,00";;"330 180 335,51";02/06/2022;;;;A471107
VTE;04/05/2022;DSV AIR &amp SEA A/S  ODENSE - F0;F2250192;;"10 000,00";;"330 190 335,51";02/06/2022;;;;A471104
VTE;04/05/2022;KUENE NAGEL BREMEN - F0060/S38;F2250193;;"33 250 000,00";;"363 440 335,51";02/06/2022;;;;
VTE;04/05/2022;KUENE NAGEL BREMEN - F0060/S38;F2250193;;"950 000,00";;"364 390 335,51";02/06/2022;;;;A471103
VTE;04/05/2022;KUENE NAGEL BREMEN - F0060/S38;F2250193;;"22 392 500,00";;"386 782 835,51";02/06/2022;;;;A471109
VTE;04/05/2022;KUENE NAGEL BREMEN - F0060/S38;F2250193;;"400 000,00";;"387 182 835,51";02/06/2022;;;;A706000
VTE;04/05/2022;ETIENNE LACROIX LOGISTICS - F0;F2250194;;"623 783,00";;"387 806 618,51";02/06/2022;;;;A471109
Total compte 471999 - DEBOURS FACTURES;;;;"12 913 210,00";"400 719 828,51";;"387 806 618,51";;;;;
Total sous-classe 47;;;;"426 036 038,65";"436 165 115,51";;"10 129 076,86";;;;;
Total classe 4;;;;"426 036 038,65";"436 165 115,51";;"10 129 076,86";;;;;
Total des écritures du 01/01/2022 au 31/12/2022;;;;"426 036 038,65";"436 165 115,51";;"10 129 076,86";;;;;
